2856 4906
702 232 748 303 24

114 411 228 479 cedem
250 407 376 476 vincula
400 408 541 474 coniecta
566 416 652 488 sunt,
680 409 818 475 maxime
832 409 976 474 -nclarins
1003 409 1056 490 sit,
1086 411 1285 502 quamquem
1311 418 1348 478 et

113 518 218 608 Syrus
241 529 272 584 et
294 518 390 585 ceteri
414 515 558 608 sacrilegi
586 518 616 582 in
640 517 750 582 eedem
772 537 900 583 carcere
922 528 1011 598 sunt,
1041 521 1181 608 pessime
1203 519 1348 587 babetur

114 648 132 693 a
150 629 292 710 custode,
316 630 369 718 qui
384 627 446 694 bac
468 651 501 695 re
525 650 559 694 sc
575 625 634 692 deo
651 635 775 715 gratum
797 627 953 693 iacturum
977 650 1048 694 esse
1063 628 1169 695 credit.
1213 629 1347 697 Omitto

112 737 367 818 ism-nonnulla,
390 739 464 830 quia
487 736 608 803 etiarnsi
631 758 693 802 non
716 735 796 802 bene
819 736 978 819 dicuntur,
999 759 1064 804 non
1085 739 1127 804 ita
1152 748 1259 806 tamen
1284 763 1349 806 ve·

112 844 281 929 bcmentcr
305 846 564 939 reprehendenda
593 854 681 925 sunt,
716 845 859 912 velutin
887 845 1102 914 molestiarum
1129 847 1349 940 descriptione

111 978 143 1023 c.
167 959 283 1028 XXlX
310 959 405 1046 (233,
425 957 589 1044 32-35)
618 978 733 1046 graves
769 965 800 1022 et
832 955 921 1022 leves
949 980 1001 1025 res
1036 958 1216 1049 promiscue
1248 982 1350 1028 com·

108 1078 286 1154 ponuntur,
308 1078 340 1136 et
354 1065 483 1134 ridicule
498 1066 629 1148 additur,
652 1066 764 1134 acerba
780 1065 831 1132 illa
854 1064 937 1134 mala
955 1069 1110 1159 Antiphila
1130 1068 1350 1141 intolerabilia

106 1176 230 1260 inisse,
251 1181 325 1269 quia
345 1187 414 1243 tam
436 1177 516 1242 duro
538 1179 623 1243 victu
645 1216 686 1229 -
710 1198 772 1242 uon
800 1187 946 1244 assuetus
969 1179 1087 1245 luisset.
1131 1181 1202 1247 Alia
1231 1191 1350 1251 autem

102 1299 284 1379 propterea
309 1287 584 1378 praetermittenda
607 1297 694 1368 sunt,
723 1286 808 1376 quod
831 1310 1023 1378 quamquam
1038 1286 1118 1356 milri
1141 1312 1351 1384 magnopere

100 1392 297 1489 displicent,
327 1408 434 1465 tamen
456 1397 608 1465 eiusmodi
631 1407 720 1479 sunt,
751 1407 786 1463 ut
812 1399 947 1489 ineptiae
972 1401 1075 1488 magis
1106 1401 1212 1465 sentiri
1240 1423 1351 1490 quam

96 1500 233 1576 diserte
260 1511 349 1598 argui
377 1509 505 1599 possint.
550 1506 621 1574 Hoc
648 1528 725 1573 vero
752 1510 943 1574 monendum
966 1517 1031 1590 est,
1057 1530 1159 1599 aeque
1188 1518 1286 1600 atque
1309 1513 1347 1581 in

91 1612 247 1710 reliquis
268 1619 498 1686 narrationibus
518 1620 548 1686 in
572 1619 633 1685 bac
648 1640 775 1709 quoque
798 1620 881 1685 omni
895 1618 991 1685 modo
1015 1642 1033 1686 a
1053 1622 1205 1711 scriptore
1227 1626 1349 1713 augeri

86 1738 170 1808 ta,
200 1752 285 1818 quae
316 1731 437 1796 amicus
466 1728 504 1794 ad
533 1730 624 1796 amici
653 1750 703 1794 res
731 1728 881 1793 adversas
909 1726 1120 1796 sublevandas
1146 1730 1178 1795 in
1206 1753 1243 1796 se
1267 1754 1352 1800 sus·

81 1831 227 1934 cipue
262 1840 337 1928 quin
359 1840 516 1907 etiamne
538 1840 738 1906 occasionem
760 1839 881 1904 amittat
902 1836 1122 1906 beneficiorum
1143 1840 1174 1906 in
1197 1842 1350 1912 amicum

77 1929 384 2023 conferendorum
406 1949 586 2017 Demetrius
616 1973 654 2016 ca
667 1947 787 2037 ⁸iacere
815 1949 940 2030 omittit,
968 1973 1051 2040 quae
1078 1959 1149 2017 ante
1176 1952 1286 2019 omnia
1316 1956 1352 2023 ci

74 2045 263 2123 facienda
285 2068 390 2141 erant3
422 2059 485 2127 bec
507 2061 589 2127 enim
609 2058 821 2150 potissimum,
848 2059 957 2143 credo,
985 2063 1013 2128 ei
1036 2060 1239 2128 annitendum
1263 2075 1351 2150 erat,

75 2170 153 2230 ut
180 2167 395 2233 innocentiam
416 2168 565 2262 Antiphili
594 2169 795 2260 patefaceret.
838 2168 1054 2261 imprudenter
1079 2172 1172 2261 igitur
1194 2174 1279 2262 agit,
1308 2186 1350 2244 ut

76 2275 358 2366 magnificenter
380 2301 475 2369 agere
496 2282 604 2371 possit.
647 2277 732 2347 Nam
755 2304 829 2348 cum
852 2283 878 2347 ei
901 2282 964 2347 iam
986 2303 1048 2348 non
1071 2279 1174 2359 liceat,
1196 2282 1348 2352 amicum

79 2378 148 2449 in
168 2385 319 2452 emtodia
339 2388 451 2470 visere,
472 2391 540 2480 ipse
562 2413 598 2456 se
613 2390 762 2472 eiusdem,
785 2392 874 2458 cuius
896 2390 948 2459 ille
971 2398 1139 2458 accusatus
1160 2398 1218 2471 cst,
1240 2394 1348 2461 sacri·

86 2484 191 2583 liegii
212 2518 306 2562 reum
329 2494 441 2577 deiert,
471 2508 506 2564 ut
526 2502 557 2568 in
579 2484 706 2568 vincula
729 2503 888 2570 coniectus
912 2524 985 2570 eum
1012 2503 1121 2568 iuvare
1143 2510 1239 2589 atque
1260 2523 1347 2571 con·

92 2601 216 2671 nelari-
232 2606 345 2693 possit.

202 2713 256 2778 Ex
277 2714 325 2779 eis
348 2725 468 2798 autem,
503 2742 585 2808 quae
611 2722 722 2789 deinde
751 2722 902 2788 accidisse
925 2723 1084 2805 dicuntur,
1109 2722 1270 2812 scriptoris
1294 2724 1347 2793 in·

106 2822 248 2908 genium
264 2821 321 2887 vel
337 2827 454 2914 optime
467 2831 617 2917 cognosci
632 2841 744 2920 potest.
788 2835 835 2898 llc
850 2835 984 2923 primum
1000 2833 1127 2923 quidem
1142 2830 1182 2896 dc
1199 2852 1347 2919 carcere,

110 2928 148 2993 in
170 2951 236 3016 quo
254 2933 348 2998 amici
366 2945 454 3005 erant
468 2935 576 3026 paullo
598 2937 691 3006 latius
706 2941 857 3009 disserere
880 2953 1011 3034 oportet.
1055 2942 1186 3032 Deque
1202 2939 1346 3014 lacobus

110 3038 160 3115 rin
175 3037 340 3107 Taxaride
358 3042 397 3108 ab
415 3065 454 3109 eo
470 3047 552 3112 edite
569 3071 598 3137 p.
617 3050 800 3136 rto-111)
819 3054 860 3118 ita
877 3055 1012 3145 scripsit:
1038 3055 1192 3137 „formam
1208 3050 1345 3137 babes“,

112 3145 224 3233 inquit,
247 3154 421 3233 „carceris,
444 3156 473 3220 in
496 3177 560 3244 quo
575 3159 699 3225 vincula
716 3160 911 3251 singulorum
928 3166 1126 3255 captivorum
1145 3160 1193 3252 (oi
1210 3161 1343 3256 πλυνοί)

110 3274 231 3320 manus
252 3279 368 3325 corum
388 3261 549 3353 pedesque
572 3269 813 3360 constringentia
835 3272 945 3338 maiori
967 3284 1099 3342 catenae
1127 3279 1181 3366 (τῇ
1204 3270 1344 3369 ilices)

109 3373 203 3428 erant
237 3365 379 3456 alligata.
424 3369 494 3439 Hac
523 3375 617 3464 igitur
648 3377 793 3446 limarum
826 3404 919 3471 opera
946 3381 1083 3472 dirupta,
1114 3395 1147 3451 et
1178 3387 1346 3473 iuncturis,

110 3493 198 3558 quae
218 3476 333 3542 maiori
357 3489 488 3548 catenae
514 3483 655 3574 singulos
678 3488 863 3579 alligabant,
890 3492 1074 3572 conscissis,
1101 3492 1262 3562 liberiores
1283 3497 1347 3567 lie·

112 3578 190 3645 l>⁸¹¹i
211 3584 347 3671 ΜΡΝ,
370 3597 405 3653 nt
427 3611 510 3656 unus
530 3590 657 3661 alterius
679 3599 813 3679 κλοιούς
834 3601 952 3689 aperire
974 3611 1113 3691 possct“.
1158 3603 1223 3670 Sed
1245 3627 1346 3676 num-

112 3708 211 3774 quam
227 3687 264 3756 οἳ
286 3693 411 3776 aieret,
434 3720 537 3788 neque
552 3704 636 3792 apud
653 3704 742 3787 alios,
764 3728 867 3796 neque
884 3709 967 3798 apud
979 3708 1155 3779 Lucienum
1167 3715 1345 3805 quicquam

112 3790 198 3859 aliud
213 3798 274 3862 nisi
285 3800 417 3869 collaria
430 3806 605 3896 significant
617 3814 661 3896 *),
675 3824 770 3903 atque
782 3814 865 3881 benc
875 3819 965 3881 vocis
976 3819 1233 3908 significationem
1243 3828 1345 3900 ctiam

112 3900 143 3965 in
166 3900 332 3974 Toxaride
356 3911 481 4000 dialogo
513 3924 544 3980 et
571 3919 602 3982 in
625 3919 687 3986 hoc
718 3921 788 3988 loco
812 3923 967 4007 obtinere,
994 3928 1176 4024 intellegere
1200 3935 1343 4010 lacobus

112 4005 250 4077 debebat
265 4035 308 4079 ex
325 4015 384 4094 his,
408 4042 490 4106 quae
506 4019 656 4110 leguntur
671 4051 697 4093 c.
709 4028 830 4096 XXIX
845 4032 932 4118 (233,
945 4036 1110 4128 29-31)2
1134 4095 1161 4112 ,,
1176 4096 1183 4112 ,
1205 4047 1264 4117 καὶ
1278 4057 1344 4142 τῆς

112 4116 230 4197 νυκτὸς
253 4117 336 4190 οὐδὲ
358 4119 551 4196 ἀποτείνειν
572 4133 617 4199 rei
639 4137 739 4227 σκέλη
762 4137 945 4227 δυνάμενον
966 4146 1001 4215 ἐν
1019 4155 1065 4242 τῷ
1086 4153 1174 4247 ξύλῳ
1196 4184 1343 4234 aeaeae.

75 4282 78 4291 .
111 4277 316 4293 -u—--

186 4377 224 4443 *),
253 4382 330 4435 Phor.
347 4389 407 4446 171,
423 4392 464 4438 22.

106 4461 183 4508 md
199 4466 234 4510 24
254 4463 299 4526 (H,
321 4470 382 4532 ¹35,
397 4474 425 4536 4)
479 4393 519 4443 ed.
534 4396 610 4452 Pers.
629 4406 730 4462 aleret·
748 4410 949 4484 περιιρακὴλιοι
963 4419 1070 4492 δεσμοί.
1091 4427 1203 4487 Lucina.
1216 4433 1242 4484 d.
1256 4450 1342 4492 mere.

428 4511 436 4535 ,
454 4491 503 4542 pro
521 4498 602 4541 merc.
622 4498 727 4552 condi
747 4499 917 4574 (11,1ss,7)·
