2856 4906
714 237 735 299 5

108 407 201 471 etiam
227 406 406 494 exemplum
432 404 611 489 olacohitjo
628 403 758 468 allatum
783 415 928 493 apparet;
962 428 1033 472 curn
1058 409 1138 472 enim
1158 407 1321 475 dicendum

109 526 204 581 esset:
228 515 332 595 „hiare
350 522 469 578 tantum
488 523 618 601 oportet,
636 523 670 577 ut
688 515 792 577 statim
810 517 980 596 uror·iaris“,
1004 517 1195 582 dictumest:
1219 516 1322 596 „hiare

108 635 227 691 tentum
252 634 375 714 oportet
398 633 427 687 et
449 624 553 688 statim
573 624 683 702 mori“‚
707 645 767 687 non
786 626 887 688 minus
912 636 1016 690 autem
1040 634 1140 713 patet,
1164 629 1321 691 enuntiata

109 737 239 801 extremi
264 735 372 822 capitis
397 733 492 821 quinti
515 733 584 797 ideo
608 734 647 796 ita
665 731 856 818 interpretari
879 753 941 797 non
964 733 1067 815 licere,
1091 736 1161 822 quia
1185 738 1322 818 nonita,
1410 776 1415 786 ι

107 854 143 910 nt
166 868 219 925 ea,
248 865 329 931 quae
352 840 446 906 modo
471 840 639 931 explicavi,
666 842 745 906 inter
767 863 801 904 se
824 840 1021 908 cohaereant.
1066 843 1100 909 Si
1124 846 1192 934 quis
1216 855 1320 909 auteur

107 953 327 1020 enuntiationis
363 951 420 1017 καὶ
447 946 515 1018 ὑπὸ
544 955 686 1018 Σκυθῶν
714 955 781 1016 τῶν
808 945 951 1037 ἀρίστων
986 951 1160 1018 subiectum
1190 953 1319 1043 φίλους,

108 1088 148 1128 ex
171 1063 273 1128 verbis
300 1067 371 1141 τοῖς
393 1058 509 1150 φίλοις
537 1069 714 1148 sumptum,
744 1083 814 1123 esse
843 1062 1012 1138 existimet,
1047 1061 1107 1126 hoc
1134 1086 1236 1151 neque
1265 1087 1320 1153 per

107 1171 365 1238 consuetudinem
398 1171 550 1235 sermonis
586 1168 670 1250 licet,
706 1192 807 1256 neque
846 1171 1029 1234 sententiam
1066 1173 1167 1258 magis
1201 1183 1317 1238 rectam

107 1282 250 1371 praebet,
285 1302 357 1345 naua
381 1302 420 1343 ne
443 1278 503 1342 hoc
526 1276 650 1366 quidem
669 1286 758 1342 >recte
782 1279 840 1344 dici
864 1288 979 1365 potest:
1010 1282 1113 1361 „ulios
1137 1280 1318 1365 docuerunt,

108 1397 160 1471 (ut
189 1390 295 1455 amicis
326 1411 450 1454 omnem
481 1389 637 1452 fortunam
666 1409 867 1452 communem
896 1411 967 1452 esse
999 1397 1199 1477 oporteret),·
1224 1398 1254 1454 et
1284 1399 1318 1453 ut

106 1499 197 1564 amici
221 1522 237 1562 a
262 1496 389 1585 Scythis
420 1499 536 1585 optime
565 1495 624 1560 coli
649 1496 824 1560 ‹leherent.“
870 1497 977 1581 Quare
1005 1501 1156 1588 optimum
1186 1500 1318 1564 sortasse

105 1619 169 1685 est,
202 1606 317 1672 lacobo
347 1607 502 1684 assentiri,
531 1607 582 1692 qui
612 1606 652 1668 ito
683 1608 836 1671 enuntiata
869 1609 1014 1696 coniungi
1037 1609 1120 1673 vult:
1156 1606 1208 1676 ὅτι
1237 1604 1316 1696 ἡμῖν

106 1715 225 1796 ἔδοξαν
249 1766 302 1781 ...
326 1718 423 1805 φίλοι
442 1719 654 1804 γεγενῆσθαι,
679 1715 735 1781 καὶ
750 1720 955 1806 καταστῆναι
978 1767 1030 1783 ...
1054 1719 1110 1784 καὶ
1207 1725 1314 1806 θερα-

105 1824 292 1907 πεύεσθαι,
318 1837 349 1890 at
371 1826 571 1891 statuendum
594 1824 676 1913 quod
702 1823 753 1890 ille
776 1848 836 1890 non
859 1829 1028 1908 concessit,
1053 1851 1214 1917 perperam
1238 1828 1317 1893 haec

105 1920 187 2002 dicia
204 1960 283 2002 esse.
329 1935 450 2024 Estque
465 1936 526 2001 hoc
548 1944 714 2024 peccatum
740 1937 806 1999 eius
822 1937 954 2023 geuene,
977 1939 1066 2001 cuius
1091 1939 1184 2002 morlo
1208 1961 1315 2003 exem-

106 2047 193 2134 plum
212 2047 354 2132 legimus.
399 2044 503 2134 lnepte
526 2047 606 2109 enim
623 2043 760 2107 arlditnm
785 2047 881 2109 estin
907 2047 1034 2132 aporlosi
1057 2046 1095 2126 id,
1119 2048 1202 2135 quorl
1219 2070 1315 2111 enun-

106 2154 238 2232 tiationi,
262 2177 342 2241 quae
366 2153 528 2233 antecedit,
552 2157 667 2242 optime
683 2154 806 2242 adiungi
822 2163 958 2242 poterat;
985 2178 1057 2219 nam
1074 2156 1175 2220 dicere
1191 2154 1316 2220 licebat:

104 2265 208 2351 „quotl
225 2273 330 2328 autem
348 2244 483 2329 mariirne
499 2265 527 2326 in
540 2263 598 2326 illis
619 2263 759 2327 admirati
775 2265 1009 2351 praedicamus,
1038 2269 1192 2350 «priorique
1207 2269 1314 2348 potis-

104 2376 224 2440 simum
247 2377 281 2439 ιἰι
304 2397 408 2438 eritrea
432 2383 497 2451 ert,
521 2397 583 2438 αιιι·
606 2375 646 2437 ab
669 2376 802 2455 optimis
818 2373 951 2459 Soptlris
975 2375 1151 2452 colantur,
1173 2372 1234 2438 hoc
1256 2384 1313 2449 est,

104 2485 190 2571 quod
213 2485 332 2548 amicos
349 2484 632 2571 praestantissimos
655 2506 689 2547 se
710 2484 920 2570 praebuerunt
941 2491 1028 2548 ....“
1076 2483 1202 2549 Rectius
1223 2484 1313 2572 igitur

105 2615 200 2679 quam
224 2593 316 2656 ceteri
344 2594 524 2681 interpretes
549 2591 686 2658 Salanus
709 2594 832 2671 locum,
861 2593 898 2656 de
926 2615 988 2681 quo
1013 2594 1126 2680 agitur,
1152 2592 1245 2681 plane
1267 2594 1313 2656 in·

105 2699 210 2790 tellegi
233 2724 294 2766 non
317 2723 411 2790 posse
431 2701 592 2781 iudicavit,
615 2705 643 2766 in
661 2724 697 2765 eo
714 2711 818 2766 tamen
842 2705 963 2782 erravit,
987 2700 1071 2790 quod
1094 2701 1203 2766 librarii
1221 2700 1313 2789 culpa

103 2809 211 2874 mutila
237 2834 306 2876 esse
330 2812 516 2875 existimavit
539 2835 585 2890 ea,
609 2833 689 2898 quae
706 2834 867 2900 perperam
892 2812 929 2877 ab
954 2835 1001 2891 eo,
1025 2812 1077 2901 qui
1099 2810 1210 2875 librum
1228 2833 1314 2875 corn·

102 2922 215 3007 posuit,
237 2923 349 3010 scripta
374 2919 673 3009 esseprolitendum
697 2931 753 2985 est.

189 3027 232 3093 Ut
253 3040 360 3095 autern
383 3033 506 3095 tertium
524 3031 663 3095 eiusdem
687 3031 808 3115 generis
823 3011 989 3118 peccatum
1014 3029 1137 3108 addam,
1160 3052 1208 3108 ea,
1231 3051 1313 3116 quae

103 3139 224 3228 caplll
249 3143 372 3228 (part
396 3141 476 3223 v.2)
506 3137 664 3226 leguntur,
694 3141 808 3225 γελοῖα
830 3139 891 3228 γὰρ
923 3134 963 3205 tto
984 3142 1089 3206 ταῦτα
1117 3135 1229 3218 δόξειε
1256 3140 1312 3206 καὶ

103 3245 286 3318 internecio
314 3254 382 3327 τοῖς
412 3247 522 3315 πάλαι
549 3246 748 3312 intolerabilia
778 3259 866 3327 sunt,
898 3248 980 3339 quod
1009 3248 1087 3314 haec
1110 3247 1311 3314 antecedunt:

103 3356 179 3427 εἰπέ
192 3361 230 3448 *),
252 3357 287 3427 τί
308 3353 391 3427 o'illo
490 3354 685 3446 εἰργάσαντο
709 3353 786 3425 ἀνθ’
811 3357 888 3426 ὅτου
910 3354 1021 3426 πάλαι
1043 3354 1083 3426 οὐ
1100 3359 1205 3439 θεοὺς
1224 3352 1312 3426 εἶναι

103 3468 343 3550 δικαιώσαντες
365 3465 500 3549 αὐτούς,
528 3471 585 3535 νῦν
606 3466 651 3534 τὸ
680 3465 855 3550 ἔμπαλιν
880 3467 1048 3548 θύσαντες
1071 3465 1184 3548 αὐτοῖς
1206 3469 1312 3550 θεοὺς

103 3576 190 3650 εἶναι
218 3579 411 3666 νενομίκατε
433 3606 462 3644 κ.
478 3603 507 3645 τ.
526 3580 573 3661 λ.,·
603 3601 675 3643 nam
704 3579 823 3643 etiamsi
852 3579 946 3644 verba
975 3584 1046 3660 ταῖς
1067 3575 1176 3646 πάλαι
1207 3591 1311 3645 vertas

104 3696 199 3772 „mori
222 3696 384 3783 pristino“,
412 3712 549 3767 acuon,
577 3711 658 3777 quae
680 3689 786 3752 iustior
807 3689 1015 3777 interpretatio
1039 3700 1100 3770 est,
1128 3692 1207 3769 ‚,eis,
1231 3712 1311 3777 quae

101 3797 230 3888 pristino
252 3811 391 3889 tempore
407 3798 547 3886 Scythae
571 3797 759 3876 lactabatur,
780 3799 967 3862 contrarium
988 3800 1065 3863 mori
1087 3802 1214 3888 pristino
1235 3798 1311 3864 illud

103 3909 222 3987 dicitur,
241 3909 323 3993 quod
339 3910 479 3997 Scythae
495 3911 548 3989 eis,
568 3930 647 3996 quos
662 3908 789 3995 antiquo
805 3917 945 3995 tempore
960 3908 1123 3973 immolare
1139 3910 1313 3985 voluerant,

103 4018 274 4107 posteriore
291 4025 390 4082 aetate
409 4028 443 4082 ut
461 4018 526 4083 deis
542 4017 766 4096 sacrificabant,
789 4018 829 4080 ita
855 4027 888 4080 ut
903 4016 976 4082 nihil
992 4017 1074 4082 aliud
1094 4018 1312 4093 enuntiatione,

173 4277 201 4338 *J
230 4275 297 4325 Cum
316 4277 385 4324 enim
404 4277 577 4326 anacoluthon
597 4277 643 4324 vix
656 4274 790 4324 serendum
804 4276 847 4338 sit,
868 4277 890 4324 si
909 4291 932 4325 e.
946 4277 985 4326 ΙΙΙ
998 4279 1035 4341 (p.
1048 4280 1107 4325 221.
1126 4291 1152 4324 v.
1164 4274 1219 4338 31.)
1234 4274 1310 4339 εἴπερ

102 4365 236 4426 retinetur,
256 4363 357 4428 accipio
370 4361 576 4412 emendationem
589 4362 723 4414 hominum
737 4362 879 4425 doctorum,
900 4364 945 4426 qni
958 4379 1003 4426 pro
1017 4364 1093 4430 εἴπερ
1106 4358 1165 4412 εἰπὲ
1182 4358 1309 4421 scribunt,

102 4466 260 4514 quamquam
280 4450 307 4500 id
325 4465 377 4500 non
397 4450 483 4500 solum
502 4464 721 4512 supervacaneum
742 4456 788 4511 ost,
809 4449 854 4499 sed
873 4448 952 4498 otiam
970 4449 1113 4499 orationem
1132 4445 1250 4512 impedit.
