2856 4906
678 222 729 290 7⁰.

96 394 309 480 Πέμπεαθαι
331 395 412 461 med.
429 394 510 460 Tox.
530 394 666 476 ltt227,
682 395 735 478 10)
750 414 806 484 pro
822 393 987 477 πέμπειντ
1016 391 1208 462 minandum
1229 395 1312 460 enim

159 505 310 571 librorum
330 507 518 594 scripturam
535 525 664 584 censeo,
687 513 848 593 quaeest:
871 498 923 572 ἐπ’
949 498 1051 571 αὐτὸν
1068 502 1186 573 καθίει
1198 507 1220 585 ¹)
1235 554 1243 572 .
1258 553 1267 572 .

162 621 385 703 γραμματεῖα,
420 614 476 682 καὶ
503 618 646 696 συνεχῶς
676 613 875 702 πεμπομένη
897 617 957 702 τῆν
985 610 1106 701 ἅβραν,
1138 616 1316 696 „immisit“,

166 735 200 791 ut
222 727 263 790 ita
288 726 406 804 dicam,
429 726 478 806 „in
502 747 575 790 eum
598 723 715 791 litteras
739 724 919 813 etquidem
943 721 1051 790 crebro
1075 723 1219 792 ancillam
1242 725 1315 790 mit·

165 844 270 916 tens“;
305 844 434 925 apparet
462 835 543 900 enim
566 855 628 899 non
651 832 767 900 litteras
797 856 941 899 seorsum
963 832 1002 900 ad
1026 857 1100 902 eum
1123 832 1213 900 datas
1235 857 1318 914 esse,

166 944 220 1008 sed
249 946 378 1010 missam
409 967 479 1009 esse
507 940 668 1022 ancillam,
703 965 785 1033 quac
809 945 835 1009 ei
857 941 976 1008 litteras
1004 941 1148 1010 dominae
1171 943 1320 1036 traderet

170 1053 291 1118 Deinde
315 1051 481 1118 verisimile
505 1059 562 1131 est,
585 1076 658 1118 euru
675 1053 725 1144 qui
749 1051 1012 1141 καλλιλογέομαι
1026 1074 1083 1142 pro
1099 1052 1317 1142 καλίιίομέω,

168 1159 386 1251 προσάγεινί)
410 1184 464 1251 pro
488 1159 728 1250 προσάγεσθαι
751 1162 921 1251 scripserit,
950 1164 1043 1228 etiam
1072 1162 1207 1230 mediam
1228 1162 1322 1231 verbi

169 1273 317 1358 πέμπειν
341 1272 474 1346 lormarn
496 1295 552 1363 pro
577 1274 679 1339 activa
695 1294 874 1361 usurpasse.
909 1272 1057 1340 Similiter
1071 1272 1210 1341 medium
1225 1295 1320 1345 usur·

170 1392 281 1474 patum
296 1393 344 1449 cst
361 1406 378 1448 a
391 1380 553 1473 Sophocle
566 1380 644 1447 Oed.
660 1381 737 1470 lleg.
750 1405 780 1446 v.
792 1381 856 1448 666
874 1391 905 1448 et
920 1382 957 1448 ab
971 1380 1118 1474 Euripide
1130 1381 1232 1450 Orest.
1249 1383 1321 1464 111,

172 1497 223 1580 qui
248 1515 358 1559 versus
383 1503 487 1559 tarrsen
512 1516 529 1556 a
553 1491 658 1556 inultis
682 1491 806 1581 spurius
830 1513 901 1557 csse
924 1493 1128 1558 existimatur.

417 1656 569 1722 Singularis
588 1673 654 1722 quae
674 1658 701 1707 in
721 1657 852 1708 Toxaride
869 1658 1001 1724 leguntur.

192 1757 256 1822 larn
289 1766 396 1823 autem
430 1767 465 1822 ut
492 1756 575 1821 banc
605 1753 881 1822 laboriosissimam
912 1757 1131 1845 quaestionem
1158 1754 1198 1820 ad
1226 1752 1323 1821 linem

110 1865 274 1945 adducam,
298 1863 440 1931 addenda
456 1863 505 1928 bic
522 1886 557 1929 ea
575 1873 656 1942 sunt,
681 1887 762 1954 quae
786 1889 802 1931 a
819 1864 888 1932 solo
905 1864 1070 1933 Toxaridis
1094 1865 1246 1956 scriptore
1267 1871 1326 1933 aut

110 1977 235 2042 omnino
260 1985 314 2040 aut
336 1999 382 2056 ea,
406 1997 501 2064 quarn
524 1976 568 2055 eis
585 1975 723 2053 subiecit,
747 1978 777 2041 vi
796 1986 942 2068 usurpata
967 1985 1050 2054 sunt,
1073 1995 1207 2064 quorum
1221 1972 1325 2041 multa

111 2112 128 2153 a
153 2085 379 2154 consuetudine
403 2083 515 2149 Graeci
540 2087 692 2149 sermonis
715 2083 883 2152 abhorrere
906 2082 979 2152 milri
1003 2085 1156 2151 videntur.

197 2197 228 2262 ln
252 2192 408 2261 Toxaridc
431 2195 523 2282 igitur
546 2193 649 2258 solum
672 2195 881 2261 inveniuntur:

108 2302 331 2395 πανλώβητος
354 2304 537 2384 (deformis),
560 2304 598 2367 21
616 2303 684 2386 (231
692 2305 783 2392 ,26)·,

113 2413 318 2506 ἆρχίπλανος
340 2415 381 2479 39
401 2415 486 2496 (237,
505 2413 575 2496 36),
611 2415 662 2503 qui
685 2436 762 2494 non,
797 2425 832 2480 ut
854 2413 995 2482 Gesnero
1019 2414 1140 2481 videtur
1164 2404 1255 2494 (Luc.
1277 2413 1324 2482 cd.

177 2526 246 2617 Bip.
261 2524 315 2607 lX,
330 2548 360 2614 p.
373 2525 450 2607 455)
475 2523 539 2589 dux
556 2524 766 2590 oberrantium
783 2534 830 2590 est
848 2527 886 2608 (is
903 2527 984 2591 enim
1001 2520 1206 2615 ἄρχιπλάνης
1220 2524 1327 2591 dicen·

178 2636 237 2702 dus
260 2641 353 2720 erat),
377 2634 433 2699 sed
457 2633 522 2699 dux
545 2634 722 2713 oberrandi,
745 2635 771 2699 is
794 2637 845 2723 qui
869 2637 1026 2724 vagationi
1048 2644 1188 2725 praeest,
1210 2645 1244 2703 ut
1267 2630 1329 2725 ἆρ-

174 2743 303 2829 χίδικος
325 2749 358 2826 (a
383 2740 458 2833 δίκη
482 2743 562 2810 Poll.
580 2745 610 2824 8,
621 2745 697 2829 83),
720 2747 746 2810 is
769 2746 893 2834 estqui
916 2744 1033 2810 iudiciis
1056 2754 1198 2837 praeest3

116 2851 344 2944 σιιναρμοσεής
359 2853 401 2917 32
413 2854 499 2935 (234,
512 2854 576 2938 30),
594 2855 690 2935 (banc
706 2857 786 2921 enim
804 2858 990 2946 scripturam
1005 2857 1131 2937 retineo,
1148 2856 1221 2945 quia
1237 2852 1331 2921 facile

178 2965 241 3031 lieri
263 2964 378 3056 potuit,
414 2971 450 3029 ut
472 2961 614 3027 librarius
643 2963 754 3051 aliquis
783 2985 838 3054 pro
861 2965 1006 3030 inusitato
1030 2966 1154 3030 nomine
1177 2962 1331 3029 usitatum

179 3083 318 3166 poneret,
339 3071 505 3139 verisimile
528 3081 634 3136 eutem
657 3093 720 3138 non
743 3081 805 3153 cst,
827 3094 883 3162 pro
906 3075 1022 3140 usitato
1045 3072 1181 3141 insolens
1205 3095 1222 3137 a
1247 3093 1329 3161 quo·

181 3207 277 3272 quam
299 3183 432 3251 verbum
455 3183 659 3249 substitutum
681 3186 780 3268 esse),
808 3183 892 3273 quod
914 3184 1106 3252 vocabulum
1126 3193 1180 3250 aut
1201 3182 1335 3268 coltspu

181 3285 347 3378 praesidis
379 3290 583 3370 vertendum,
622 3313 695 3357 nam
729 3293 782 3380 qui
812 3292 1020 3362 Alexandriae
1053 3305 1119 3360 erat
1151 3293 1331 3384 praefectus

182 3400 383 3493 Augustalis,
417 3400 580 3466 iuridicuru
605 3399 707 3467 Roma
740 3403 872 3468 missum
900 3404 990 3491 quasi
1026 3401 1181 3492 collegam
1212 3399 1333 3484 babuit,

115 3555 316 3568 ..ι’-...-

193 3611 211 3677 ¹)
230 3613 304 3674 Quae
316 3611 470 3663 bominibus
483 3611 568 3664 doctis
581 3613 707 3664 καθιέναι
723 3611 803 3662 verbo
816 3611 920 3662 videtur
932 3611 1020 3662 inesse
1033 3609 1212 3676 „metaphora²
1226 3612 1335 3674 sumpta

119 3719 134 3754 a
152 3699 329 3768 piscatoribus
354 3699 451 3748 lineam
470 3697 687 3749 demittentibus“
708 3699 806 3765 (potius
825 3697 1003 3761 mittentibus,
1032 3698 1178 3750 demittitur
1195 3697 1270 3747 enim
1286 3695 1335 3746 ha-

118 3802 187 3850 mus,
206 3786 277 3836 linea
295 3785 428 3849 mittitur),
448 3786 535 3850 qualis
554 3801 618 3836 sane
637 3785 759 3836 aPlauto
776 3792 927 3852 usurpatur,
947 3801 1000 3836 uon
1011 3786 1097 3853 magis
1114 3784 1159 3836 hio
1175 3784 1237 3834 voci
1253 3783 1339 3849 aaut,

119 3889 197 3941 quam
216 3876 244 3923 iu
262 3872 305 3923 his
324 3873 402 3924 locis:
421 3873 533 3924 Luciam.
552 3872 614 3923 dial.
634 3878 734 3924 meretr.
754 3873 810 3935 Vll,
823 3869 841 3923 4
855 3870 925 3936 (448,
938 3869 983 3934 37)
1003 3871 1111 3935 erasini
1129 3869 1252 3935 καθῆκεν
1271 3865 1339 3928 ἓξαέ

119 3956 291 4025 ποιήσοντα,
316 3959 422 4012 Heliod.
439 3959 462 4021 1,
476 3958 509 4011 11
524 3957 578 4023 (14,
591 3956 637 4024 21)
656 3960 768 4023 καθίησι
791 3958 894 4023 Θίσβην
918 3957 956 4012 είς
973 3952 1025 4024 1μέ
1029 3995 1037 4022 ,
1062 3955 1112 4021 Vl,
1125 3956 1145 4010 2
1158 3955 1230 4022 (160,
1242 3953 1335 4021 2-3)

119 4043 251 4100 διάκονον
270 4047 308 4103 είς
325 4043 374 4111 τὴν
392 4042 541 4112 ἐπιβουλὴν
560 4049 677 4098 καθεῖσα
697 4041 745 4109 τὴν
767 4045 887 4109 Θίσβην,
908 4050 988 4110 atque
1005 4044 1056 4097 boc
1074 4047 1172 4112 optime
1191 4059 1226 4095 ex
1242 4058 1274 4094 ao
1292 4044 1336 4094 iu·

118 4135 209 4202 tellegi
227 4141 328 4201 potest,
348 4135 417 4199 quod
437 4135 562 4186 καθιέναι
583 4132 692 4184 verbum
710 4135 799 4197 potius
818 4131 850 4181 da
869 4136 1043 4199 cataprcrata,
1063 4133 1094 4184 de
1113 4133 1217 4184 ancoris
1234 4132 1335 4184 uden-

119 4221 174 4284 dis,
199 4222 230 4272 de
248 4221 379 4272 militibus
398 4221 573 4283 immitendis,
603 4220 761 4270 deducendis
779 4225 934 4284 usurpatur,
961 4237 1040 4287 quam
1058 4223 1090 4273 de
1107 4220 1179 4272 linea
1196 4221 1336 4287 mittenda,

120 4310 159 4360 ita
176 4311 248 4360 utsi
266 4308 449 4377 πεμπομένην
468 4308 607 4368 scribitur,
635 4307 708 4356 locus
736 4309 775 4356 sic
794 4305 948 4360 Germanice
967 4307 1127 4359 adverbum
1146 4307 1336 4374 exprimendus

121 4395 169 4444 sit:
188 4396 228 4447 aie
246 4394 365 4471 sobickte
384 4394 426 4445 die
442 4395 528 4445 Briete
546 4403 631 4460 gagen
650 4391 697 4442 ihu
716 4406 764 4440 aus
779 4392 836 4444 uod
852 4394 895 4445 die
914 4392 1104 4446 aumonius
1122 4393 1249 4458 munite
1260 4396 1336 4448 zois.

198 4477 391 4546 bffipffi
