2856 4906
701 221 745 290 99

115 414 153 462 eo
175 391 288 462 tradita
311 414 383 460 esse
410 414 465 476 ea,
497 413 578 483 quae
606 413 699 460 nemo
728 414 853 474 eorum,
888 415 1023 485 quorum
1051 397 1165 489 scripta
1194 408 1327 483 exstent,

113 513 188 596 post
209 527 282 571 eum
305 511 337 570 et
359 511 432 570 ante
454 503 625 570 memoriae
647 504 828 593 prodiderit,
862 504 945 572 duae
970 515 1091 573 tanturn
1120 530 1171 575 res
1197 511 1327 600 cogitari

113 624 257 705 possunt,
280 623 334 680 aut
355 612 473 680 litteras
496 624 527 680 et
549 614 666 680 lamam
688 613 774 680 illam
794 616 848 696 eis,
872 617 924 706 qui
947 616 986 683 de
997 615 1126 706 Scythis
1150 619 1327 687 tradiderint

113 746 167 806 ea,
191 746 273 815 quae
294 727 425 808 scimus,
452 747 515 793 non
538 732 629 791 notas
652 725 763 806 luisse,
791 734 847 791 aut
869 735 960 792 notas
982 726 1109 817 quidem
1131 729 1241 812 luisse,
1269 729 1326 797 sed

111 833 152 901 ab
175 835 220 900 eis
242 836 369 902 minoris
392 836 586 916 aestimatas,
621 858 716 925 quam
745 845 781 902 ut
801 833 871 901 illas
893 858 997 927 nugas
1018 841 1188 907 memoriae
1211 838 1325 931 prode·

111 954 188 1012 rent.
239 946 382 1031 Quorum
405 957 575 1036 utrumque
596 944 684 1012 nullo
708 955 802 1038 pacto
825 945 991 1013 verisimile
1013 958 1069 1015 est.
1125 951 1219 1036 Quae
1241 951 1323 1017 enim

112 1062 185 1122 ante
206 1053 402 1122 Herodotum
425 1057 464 1122 de
480 1055 609 1146 Scythis
633 1058 746 1146 scripta
770 1064 825 1122 aut
847 1057 932 1123 lama
953 1059 1079 1147 cognita
1102 1069 1200 1142 erant,
1221 1058 1323 1127 Hero·

112 1164 204 1232 dotus
229 1168 380 1256 respexit,
414 1168 545 1259 eiusque
571 1165 639 1233 libri
668 1175 805 1233 exstant:
838 1189 920 1256 quae
946 1176 1019 1257 post
1041 1166 1238 1236 Herodotum
1264 1171 1322 1261 ipsi

107 1273 331 1367 investigantes
343 1275 551 1367 Hippocrates
574 1286 606 1344 et
620 1275 767 1366 Ephorus
789 1276 989 1357 tradiderunt,
1012 1279 1123 1366 partim
1142 1280 1322 1348 etiamnunc

108 1393 241 1468 exstant,
264 1387 411 1454 universa
432 1389 552 1477 integra
569 1386 718 1453 Straboni
740 1387 846 1475 sagaci
869 1383 912 1451 illi
932 1395 964 1451 et
985 1383 1122 1476 diligenti
1136 1388 1320 1481 geographo

106 1503 181 1561 nota
204 1505 306 1578 erant3
329 1499 469 1588 ineptum
492 1505 540 1563 est
560 1498 654 1586 igitur
676 1496 815 1562 arbitrari
830 1494 966 1577 ,latuisse
988 1495 1153 1585 quaedam,
1177 1522 1259 1590 quae
1281 1501 1321 1567 de

108 1603 237 1694 Scythis
253 1616 413 1698 comperta
431 1616 485 1673 aut
500 1609 583 1672 lama
600 1606 761 1696 divulgata
777 1605 898 1687 luerint,
921 1604 1091 1696 prudentes
1109 1617 1140 1674 et
1156 1609 1320 1700 diligentes

107 1717 291 1808 scriptores,
325 1740 387 1785 non
414 1719 534 1807 fugisse
560 1717 683 1782 fatuum
711 1725 805 1807 atque
828 1715 1003 1782 socordem.
1053 1718 1158 1809 Atque
1181 1742 1221 1787 ne
1242 1719 1319 1789 illud

107 1828 234 1918 quidem
262 1829 402 1918 cogitare
429 1827 515 1910 licet,
547 1827 676 1893 minoris
704 1847 757 1907 ea,
791 1847 874 1915 quae
904 1827 934 1895 in
963 1824 1122 1894 Toxaride
1148 1829 1319 1915 tradantur,

106 1939 220 2005 iecisse
239 1936 311 2003 illos
333 1939 515 2028 scriptores,
547 1958 644 2027 quam
671 1945 706 2002 ut
734 1956 770 2000 ea
793 1935 963 2001 memoriae
986 1937 1162 2026 proderent.
1204 1937 1319 2034 Neque

107 2049 190 2116 enim
212 2046 402 2128 Herodotus,
424 2069 527 2139 neque
548 2046 672 2128 Strabo,
696 2066 890 2136 quamquam
912 2043 1083 2134 prudentes
1105 2059 1207 2130 erant,
1229 2072 1248 2116 a
1270 2051 1318 2117 la-

106 2155 189 2226 bulis
210 2156 372 2225 narrandis
396 2155 636 2224 abhorruerunt:
662 2178 725 2224 non
748 2176 824 2244 ergo
846 2152 1041 2239 Herodotus,
1070 2159 1123 2248 qui
1144 2181 1318 2251 quoscum.

107 2290 171 2360 que
191 2266 324 2334 aliorum
345 2267 536 2359 populorum
559 2267 635 2333 deos
657 2289 728 2331 csse
751 2265 908 2354 cognovit,
931 2285 986 2330 eos
1009 2289 1101 2356 pares
1124 2291 1195 2336 esse
1218 2269 1319 2338 Grae·

105 2398 216 2447 corum
239 2378 329 2459 dixit,
352 2379 459 2471 eisque
482 2377 594 2444 eadem
616 2378 741 2443 nomina
764 2372 882 2453 tribuit,
904 2373 944 2440 de
965 2374 1078 2443 Oreste
1099 2386 1132 2445 et
1152 2377 1275 2469 Pylade
1297 2402 1315 2449 a

104 2484 234 2577 Scythis
256 2487 348 2555 cultis
371 2510 433 2556 non
455 2488 646 2568 tradidisset,
675 2508 748 2553 cum
770 2483 894 2551 fabulas
919 2482 989 2549 illas
1012 2484 1207 2557 Graecorum
1228 2490 1318 2559 colo·

104 2618 219 2667 norum
246 2608 401 2683 narraret,
435 2596 574 2689 Scythas
603 2595 642 2663 ab
665 2592 805 2662 Hercule
834 2617 905 2661 esse
932 2596 1080 2663 oriundos
1090 2599 1126 2681 ¹),
1157 2622 1231 2666 cum
1252 2622 1316 2670 non

104 2709 273 2792 dubitaret,
306 2709 368 2776 hoc
397 2712 482 2800 quod
511 2704 838 2776 aChersonnensibus
864 2704 997 2788 audivit,
1029 2707 1157 2792 reterre,
1190 2709 1315 2778 Tauros

103 2821 191 2911 ipsos
213 2820 316 2887 dicere
339 2821 444 2902 deam,
472 2820 522 2886 cui
545 2841 635 2885 sacra
662 2819 814 2897 lacerent,
842 2836 914 2881 esse
936 2813 1129 2906 Iphigeniam
1140 2821 1179 2905 ²);
1212 2844 1316 2914 neque

103 2929 236 3015 Strabo,
257 2953 332 2998 cum
353 2932 383 2998 id
408 2941 533 3021 ageret,
554 2941 589 2997 ut
611 2929 852 3008 demonstraret,
878 2948 950 2992 esse
978 2928 1133 3018 quosdam
1153 2932 1315 3014 nomades,

103 3041 252 3133 Scythas,
274 3043 460 3109 iustissimos
484 3040 655 3121 bominum,
678 3037 799 3102 etiamsi
821 3033 861 3100 de
884 3034 997 3102 Oreste
1019 3047 1051 3102 et
1065 3036 1187 3126 Pylade
1209 3040 1248 3107 ob
1270 3043 1316 3108 eis

105 3151 198 3221 cultis
212 3142 354 3218 'tortasse
375 3175 437 3220 non
461 3151 654 3242 prodidisset,
676 3146 843 3213 amicitiam
865 3145 905 3213 ab
921 3148 966 3214 eis
981 3148 1119 3214 maxime
1140 3148 1202 3216 coli
1223 3148 1316 3219 silen-

104 3260 148 3330 tio
169 3264 394 3355 praeteriisset,
429 3264 454 3330 si
482 3263 555 3353 quid
583 3262 623 3327 dc
648 3259 710 3326 hac
736 3278 770 3323 re
791 3256 876 3322 lama
900 3267 931 3323 et
952 3258 1109 3325 auditione
1131 3261 1315 3351 accepisset.

104 3373 189 3442 Sunt
214 3375 308 3463 igitur
333 3376 364 3440 in
392 3373 551 3440 'l'oxaride
578 3372 708 3438 traditae
734 3390 785 3434 res
813 3388 831 3432 a
860 3367 1024 3457 scriptore,
1057 3371 1110 3460 qui
1140 3369 1240 3438 multo
1268 3373 1317 3439 in·

105 3493 179 3576 epte
200 3484 301 3566 linxit,
324 3485 377 3574 qui
400 3507 453 3566 ea,
482 3505 565 3576 quae
586 3492 671 3549 recte
694 3499 889 3568 cognoscere
910 3479 1079 3568 potuisset,
1114 3480 1140 3547 si
1163 3502 1316 3573 umquam

103 3618 143 3664 ea
165 3596 247 3662 scire
269 3603 426 3677 curasset,
453 3603 509 3660 aut
534 3593 655 3659 inscitia
677 3601 733 3659 aut
754 3590 897 3656 socordia
921 3589 1063 3672 detorsit,
1090 3591 1145 3679 qui
1171 3591 1210 3658 de
1232 3591 1316 3681 Scy·

104 3706 167 3774 this
198 3714 282 3773 certa
309 3707 376 3794 ipse
403 3724 597 3792 cognoscere
628 3704 763 3793 primum
795 3702 867 3770 ideo
896 3719 960 3767 non
992 3701 1107 3789 potuit,
1142 3702 1215 3791 quia
1248 3703 1317 3768 eius

105 3824 211 3883 aetate
226 3813 366 3904 Scythae
385 3837 486 3907 paene
509 3814 651 3880 exstincti
673 3823 770 3894 eraut,
793 3812 904 3881 deinde
925 3811 998 3901 quia
1014 3808 1152 3893 credidit,
1174 3809 1324 3878 diversos-

105 3924 184 3993 alios
206 3926 342 4017 populos
365 3949 463 3992 unum
478 3922 671 4014 Scytharum
694 3947 824 4015 gregem
847 3947 927 4006 esse,
951 3944 1014 4012 qua
1035 3919 1088 3988 vel
1109 3943 1173 3988 una
1192 3943 1226 3989 re
1241 3923 1318 3987 satis

103 4033 300 4127 significavit,
323 4059 358 4102 se
379 4058 429 4102 res
443 4034 513 4102 illas
529 4058 569 4102 ne
585 4035 712 4102 minime
733 4035 860 4125 quidem
882 4035 963 4103 scire
984 4054 1129 4114 curasse3
1151 4054 1189 4099 ea
1211 4040 1318 4098 autem

104 4146 146 4215 sb
169 4167 208 4215 eo
230 4146 343 4214 tradita
366 4153 448 4226 sunt,
471 4166 552 4234 quae
572 4146 628 4212 viri
643 4144 816 4237 diligentes,
839 4147 892 4235 qui
913 4145 953 4214 de
969 4143 1097 4233 Scythis
1118 4142 1317 4233 scripserunt,

101 4320 304 4337 m

179 4405 199 4470 ¹)
217 4405 379 4471 1v,e-10.

178 4492 199 4563 ’)
217 4493 266 4562 1v,
285 4491 347 4551 los
