<?xml version="1.0" encoding="UTF-8"?>
<!DOCTYPE html PUBLIC "-//W3C//DTD XHTML 1.0 Transitional//EN"
    "http://www.w3.org/TR/xhtml1/DTD/xhtml1-transitional.dtd">
<html xmlns="http://www.w3.org/1999/xhtml" xml:lang="en" lang="en">
 <head>
  <title>
</title>
<meta http-equiv="Content-Type" content="text/html;charset=utf-8" />
  <meta name='ocr-system' content='tesseract 3.04.00' />
  <meta name='ocr-capabilities' content='ocr_page ocr_carea ocr_par ocr_line ocrx_word'/>
</head>
<body>
  <div class='ocr_page' id='page_1' title='image "./desubditoquiint00guttgoog_0028.png"; bbox 0 0 2856 4906; ppageno 0'>
   <div class='ocr_carea' id='block_1_1' title="bbox 689 195 739 269">
    <p class='ocr_par' dir='ltr' id='par_1_1' title="bbox 689 195 739 269">
     <span class='ocr_line' id='line_1_1' title="bbox 689 195 739 269; baseline 0.12 -6"><span class='ocrx_word' id='word_1_1' title='bbox 689 195 739 269; x_wconf 72' lang='lat'><strong>:17</strong></span> 
     </span>
    </p>
   </div>
   <div class='ocr_carea' id='block_1_2' title="bbox 92 360 1339 3890">
    <p class='ocr_par' dir='ltr' id='par_1_2' title="bbox 98 360 1319 1787">
     <span class='ocr_line' id='line_1_2' title="bbox 98 360 1252 459; baseline 0 -20"><span class='ocrx_word' id='word_1_2' title='bbox 98 365 457 452; x_wconf 69' lang='lat' dir='ltr'><strong>elucemdxoloodeio</strong></span> <span class='ocrx_word' id='word_1_3' title='bbox 475 363 661 437; x_wconf 78' lang='grc' dir='ltr'><strong><em>κελεύσασα</em></strong></span> <span class='ocrx_word' id='word_1_4' title='bbox 677 369 735 437; x_wconf 78' lang='grc' dir='ltr'><strong>καὶ</strong></span> <span class='ocrx_word' id='word_1_5' title='bbox 748 369 809 459; x_wconf 73' lang='grc' dir='ltr'><strong>τὴν</strong></span> <span class='ocrx_word' id='word_1_6' title='bbox 822 362 932 457; x_wconf 80' lang='grc' dir='ltr'><strong><em>κόρην,</em></strong></span> <span class='ocrx_word' id='word_1_7' title='bbox 950 360 973 457; x_wconf 74' lang='grc' dir='ltr'><em>ἢ</em></span> <span class='ocrx_word' id='word_1_8' title='bbox 992 369 1032 438; x_wconf 76' lang='grc' dir='ltr'><strong>δὲ</strong></span> <span class='ocrx_word' id='word_1_9' title='bbox 1047 363 1252 459; x_wconf 62' lang='grc' dir='ltr'><strong><em>ἡμίφλεκτος</em></strong></span> 
     </span>
     <span class='ocr_line' id='line_1_3' title="bbox 105 471 1315 573; baseline -0.001 -25"><span class='ocrx_word' id='word_1_10' title='bbox 105 483 160 573; x_wconf 87' lang='lat' dir='ltr'><strong>qui</strong></span> <span class='ocrx_word' id='word_1_11' title='bbox 181 481 276 569; x_wconf 79' lang='lat' dir='ltr'><strong>legit,</strong></span> <span class='ocrx_word' id='word_1_12' title='bbox 303 490 468 573; x_wconf 88' lang='lat' dir='ltr'><strong>propterea</strong></span> <span class='ocrx_word' id='word_1_13' title='bbox 497 479 581 570; x_wconf 89' lang='lat' dir='ltr'><strong>quod</strong></span> <span class='ocrx_word' id='word_1_14' title='bbox 603 474 704 568; x_wconf 81' lang='grc' dir='ltr'><strong><em>κόρην</em></strong></span> <span class='ocrx_word' id='word_1_15' title='bbox 735 501 851 547; x_wconf 88' lang='lat' dir='ltr'><strong>vocem</strong></span> <span class='ocrx_word' id='word_1_16' title='bbox 872 471 895 568; x_wconf 77' lang='grc' dir='ltr'><strong><em>ἢ</em></strong></span> <span class='ocrx_word' id='word_1_17' title='bbox 918 479 956 549; x_wconf 77' lang='grc' dir='ltr'><strong>δὲ</strong></span> <span class='ocrx_word' id='word_1_18' title='bbox 978 500 1152 569; x_wconf 79' lang='lat' dir='ltr'><strong>pronomen</strong></span> <span class='ocrx_word' id='word_1_19' title='bbox 1173 481 1315 570; x_wconf 84' lang='lat' dir='ltr'>proxime</span> 
     </span>
     <span class='ocr_line' id='line_1_4' title="bbox 106 581 1316 683; baseline 0.002 -26"><span class='ocrx_word' id='word_1_20' title='bbox 106 593 261 683; x_wconf 88' lang='lat' dir='ltr'><strong>sequitur,</strong></span> <span class='ocrx_word' id='word_1_21' title='bbox 292 591 380 658; x_wconf 86' lang='lat' dir='ltr'><strong>aliter</strong></span> <span class='ocrx_word' id='word_1_22' title='bbox 401 587 582 681; x_wconf 80' lang='lat' dir='ltr'>intellegere</span> <span class='ocrx_word' id='word_1_23' title='bbox 603 612 667 657; x_wconf 92' lang='lat' dir='ltr'><strong>non</strong></span> <span class='ocrx_word' id='word_1_24' title='bbox 688 598 810 678; x_wconf 87' lang='lat' dir='ltr'><strong>potest,</strong></span> <span class='ocrx_word' id='word_1_25' title='bbox 839 611 936 680; x_wconf 88' lang='lat' dir='ltr'><strong>quam</strong></span> <span class='ocrx_word' id='word_1_26' title='bbox 958 590 985 655; x_wconf 92' lang='lat' dir='ltr'><strong>si</strong></span> <span class='ocrx_word' id='word_1_27' title='bbox 1007 588 1111 657; x_wconf 89' lang='lat' dir='ltr'><strong>verbis</strong></span> <span class='ocrx_word' id='word_1_28' title='bbox 1133 581 1155 680; x_wconf 78' lang='grc' dir='ltr'><strong><em>ἢ</em></strong></span> <span class='ocrx_word' id='word_1_29' title='bbox 1177 591 1216 660; x_wconf 81' lang='lat' dir='ltr'><strong>dd</strong></span> <span class='ocrx_word' id='word_1_30' title='bbox 1237 586 1316 680; x_wconf 73' lang='grc' dir='ltr'><em>ἡμὶ-</em></span> 
     </span>
     <span class='ocr_line' id='line_1_5' title="bbox 106 698 1318 794; baseline -0.004 -22"><span class='ocrx_word' id='word_1_31' title='bbox 106 705 250 794; x_wconf 77' lang='grc' dir='ltr'><strong><em>φλικτος</em></strong></span> <span class='ocrx_word' id='word_1_32' title='bbox 350 699 470 793; x_wconf 85' lang='lat' dir='ltr'><strong>puella,</strong></span> <span class='ocrx_word' id='word_1_33' title='bbox 492 700 666 768; x_wconf 84' lang='lat' dir='ltr'><strong>Abauchae</strong></span> <span class='ocrx_word' id='word_1_34' title='bbox 690 700 766 783; x_wconf 84' lang='lat' dir='ltr'><strong>filio,</strong></span> <span class='ocrx_word' id='word_1_35' title='bbox 789 699 988 793; x_wconf 84' lang='lat' dir='ltr'><strong>significetur,</strong></span> <span class='ocrx_word' id='word_1_36' title='bbox 1012 711 1044 767; x_wconf 90' lang='lat' dir='ltr'><strong>et</strong></span> <span class='ocrx_word' id='word_1_37' title='bbox 1064 710 1186 767; x_wconf 84' lang='lat' dir='ltr'><strong>tanturn</strong></span> <span class='ocrx_word' id='word_1_38' title='bbox 1209 723 1250 767; x_wconf 87' lang='lat' dir='ltr'><strong>ex</strong></span> <span class='ocrx_word' id='word_1_39' title='bbox 1272 698 1318 767; x_wconf 84' lang='lat' dir='ltr'><strong>eis¹</strong></span> 
     </span>
     <span class='ocr_line' id='line_1_6' title="bbox 106 801 1316 906; baseline -0.003 -25"><span class='ocrx_word' id='word_1_40' title='bbox 106 838 190 906; x_wconf 86' lang='lat' dir='ltr'><strong>quae</strong></span> <span class='ocrx_word' id='word_1_41' title='bbox 212 823 385 905; x_wconf 88' lang='lat' dir='ltr'><strong>sequuntur</strong></span> <span class='ocrx_word' id='word_1_42' title='bbox 408 808 555 902; x_wconf 74' lang='grc' dir='ltr'><strong><em>(ἀφεῖσα</em></strong></span> <span class='ocrx_word' id='word_1_43' title='bbox 577 812 617 881; x_wconf 76' lang='grc' dir='ltr'><strong>τὸ</strong></span> <span class='ocrx_word' id='word_1_44' title='bbox 641 808 801 897; x_wconf 77' lang='grc' dir='ltr'><strong><em>παιδίον)</em></strong></span> <span class='ocrx_word' id='word_1_45' title='bbox 830 812 991 902; x_wconf 73' lang='lat' dir='ltr'><strong>perspicit,</strong></span> <span class='ocrx_word' id='word_1_46' title='bbox 1019 801 1043 899; x_wconf 76' lang='grc' dir='ltr'><strong><em>ἢ</em></strong></span> <span class='ocrx_word' id='word_1_47' title='bbox 1065 811 1103 881; x_wconf 79' lang='grc' dir='ltr'><strong>δὲ</strong></span> <span class='ocrx_word' id='word_1_48' title='bbox 1132 812 1316 903; x_wconf 84' lang='lat' dir='ltr'><strong>pronomine</strong></span> 
     </span>
     <span class='ocr_line' id='line_1_7' title="bbox 105 921 1314 1016; baseline -0.004 -23"><span class='ocrx_word' id='word_1_49' title='bbox 105 927 275 1016; x_wconf 80' lang='lat' dir='ltr'><strong>coniugem</strong></span> <span class='ocrx_word' id='word_1_50' title='bbox 302 923 476 991; x_wconf 80' lang='lat' dir='ltr'><strong>Abauclrae</strong></span> <span class='ocrx_word' id='word_1_51' title='bbox 503 922 684 1014; x_wconf 83' lang='lat' dir='ltr'><strong>significari,</strong></span> <span class='ocrx_word' id='word_1_52' title='bbox 712 921 769 989; x_wconf 87' lang='lat' dir='ltr'><strong>sed</strong></span> <span class='ocrx_word' id='word_1_53' title='bbox 797 921 890 989; x_wconf 86' lang='lat' dir='ltr'><strong>simul</strong></span> <span class='ocrx_word' id='word_1_54' title='bbox 919 923 1013 989; x_wconf 86' lang='lat' dir='ltr'><strong>etiam</strong></span> <span class='ocrx_word' id='word_1_55' title='bbox 1042 924 1215 990; x_wconf 87' lang='lat' dir='ltr'><strong>orationem</strong></span> <span class='ocrx_word' id='word_1_56' title='bbox 1242 945 1314 1012; x_wconf 90' lang='lat' dir='ltr'><strong>per·</strong></span> 
     </span>
     <span class='ocr_line' id='line_1_8' title="bbox 107 1030 1316 1126; baseline -0.002 -24"><span class='ocrx_word' id='word_1_57' title='bbox 107 1059 216 1126; x_wconf 87' lang='lat' dir='ltr'><strong>peram</strong></span> <span class='ocrx_word' id='word_1_58' title='bbox 238 1037 465 1104; x_wconf 75' lang='lat' dir='ltr'><strong>conformatam</strong></span> <span class='ocrx_word' id='word_1_59' title='bbox 496 1056 567 1100; x_wconf 90' lang='lat' dir='ltr'><strong>esse</strong></span> <span class='ocrx_word' id='word_1_60' title='bbox 589 1032 682 1098; x_wconf 90' lang='lat' dir='ltr'><strong>videt.</strong></span> <span class='ocrx_word' id='word_1_61' title='bbox 704 1072 747 1082; x_wconf 92' lang='lat'><em>-</em></span> <span class='ocrx_word' id='word_1_62' title='bbox 776 1031 861 1098; x_wconf 90' lang='lat' dir='ltr'><strong>Tum</strong></span> <span class='ocrx_word' id='word_1_63' title='bbox 884 1033 979 1099; x_wconf 87' lang='lat' dir='ltr'><strong>etiarn</strong></span> <span class='ocrx_word' id='word_1_64' title='bbox 1001 1055 1029 1098; x_wconf 84' lang='lat' dir='ltr'><strong>c.</strong></span> <span class='ocrx_word' id='word_1_65' title='bbox 1046 1030 1142 1101; x_wconf 82' lang='lat' dir='ltr'>XXII</span> <span class='ocrx_word' id='word_1_66' title='bbox 1160 1033 1244 1116; x_wconf 81' lang='lat'><strong>(230,</strong></span> <span class='ocrx_word' id='word_1_67' title='bbox 1261 1033 1316 1117; x_wconf 78' lang='grc'><strong>35)</strong></span> 
     </span>
     <span class='ocr_line' id='line_1_9' title="bbox 106 1141 1316 1237; baseline -0.005 -22"><span class='ocrx_word' id='word_1_68' title='bbox 106 1142 142 1215; x_wconf 76' lang='grc' dir='ltr'><strong>ἓν</strong></span> <span class='ocrx_word' id='word_1_69' title='bbox 167 1143 319 1237; x_wconf 71' lang='grc' dir='ltr'><strong><em>τοσούτῳ</em></strong></span> <span class='ocrx_word' id='word_1_70' title='bbox 355 1147 430 1211; x_wconf 82' lang='lat' dir='ltr'><strong>satis</strong></span> <span class='ocrx_word' id='word_1_71' title='bbox 460 1144 537 1209; x_wconf 92' lang='lat' dir='ltr'><strong>dure</strong></span> <span class='ocrx_word' id='word_1_72' title='bbox 564 1143 682 1209; x_wconf 88' lang='lat' dir='ltr'><strong>dictum</strong></span> <span class='ocrx_word' id='word_1_73' title='bbox 710 1152 773 1224; x_wconf 88' lang='lat' dir='ltr'><strong>est,</strong></span> <span class='ocrx_word' id='word_1_74' title='bbox 807 1165 880 1210; x_wconf 91' lang='lat' dir='ltr'><strong>cum</strong></span> <span class='ocrx_word' id='word_1_75' title='bbox 908 1141 994 1209; x_wconf 87' lang='lat' dir='ltr'><strong>nulla</strong></span> <span class='ocrx_word' id='word_1_76' title='bbox 1025 1142 1139 1210; x_wconf 88' lang='lat' dir='ltr'><strong>diserta</strong></span> <span class='ocrx_word' id='word_1_77' title='bbox 1167 1144 1316 1234; x_wconf 91' lang='lat' dir='ltr'><strong>temporis</strong></span> 
     </span>
     <span class='ocr_line' id='line_1_10' title="bbox 104 1248 1319 1348; baseline -0.006 -24"><span class='ocrx_word' id='word_1_78' title='bbox 104 1256 290 1348; x_wconf 82' lang='lat' dir='ltr'><strong>significatio</strong></span> <span class='ocrx_word' id='word_1_79' title='bbox 314 1254 488 1334; x_wconf 78' lang='lat' dir='ltr'><strong>antecedat,</strong></span> <span class='ocrx_word' id='word_1_80' title='bbox 512 1252 552 1321; x_wconf 91' lang='lat' dir='ltr'><strong>ad</strong></span> <span class='ocrx_word' id='word_1_81' title='bbox 575 1248 856 1343; x_wconf 67' lang='lat' dir='ltr'><strong>quam&#39;releratur3</strong></span> <span class='ocrx_word' id='word_1_82' title='bbox 879 1252 978 1320; x_wconf 88' lang='lat' dir='ltr'><strong>multo</strong></span> <span class='ocrx_word' id='word_1_83' title='bbox 1002 1276 1078 1320; x_wconf 91' lang='lat' dir='ltr'><strong>vero</strong></span> <span class='ocrx_word' id='word_1_84' title='bbox 1099 1253 1250 1320; x_wconf 90' lang='lat' dir='ltr'><strong>maiorem</strong></span> <span class='ocrx_word' id='word_1_85' title='bbox 1271 1253 1319 1318; x_wconf 92' lang='lat' dir='ltr'><strong>ol-</strong></span> 
     </span>
     <span class='ocr_line' id='line_1_11' title="bbox 105 1359 1316 1450; baseline -0.003 -17"><span class='ocrx_word' id='word_1_86' title='bbox 105 1368 279 1435; x_wconf 86' lang='lat' dir='ltr'><strong>lensionem</strong></span> <span class='ocrx_word' id='word_1_87' title='bbox 292 1366 409 1435; x_wconf 90' lang='lat' dir='ltr'><strong>habent</strong></span> <span class='ocrx_word' id='word_1_88' title='bbox 424 1360 522 1435; x_wconf 74' lang='lat' dir='ltr'><strong>midde</strong></span> <span class='ocrx_word' id='word_1_89' title='bbox 537 1365 694 1432; x_wconf 77' lang='grc' dir='ltr'><strong><em>τοιοῦτον</em></strong></span> <span class='ocrx_word' id='word_1_90' title='bbox 710 1385 737 1431; x_wconf 92' lang='lat' dir='ltr'><strong>c.</strong></span> <span class='ocrx_word' id='word_1_91' title='bbox 749 1360 865 1429; x_wconf 87' lang='lat' dir='ltr'>XXIX</span> <span class='ocrx_word' id='word_1_92' title='bbox 879 1363 1034 1450; x_wconf 80' lang='lat'><strong>(233,27)‚</strong></span> <span class='ocrx_word' id='word_1_93' title='bbox 1051 1361 1134 1435; x_wconf 79' lang='grc' dir='ltr'><strong><em>αὐτὸ</em></strong></span> <span class='ocrx_word' id='word_1_94' title='bbox 1147 1387 1174 1432; x_wconf 88' lang='grc' dir='ltr'><strong>ι.</strong></span> <span class='ocrx_word' id='word_1_95' title='bbox 1183 1359 1316 1431; x_wconf 86' lang='lat' dir='ltr'>XXXV</span> 
     </span>
     <span class='ocr_line' id='line_1_12' title="bbox 107 1472 1316 1568; baseline -0.003 -23"><span class='ocrx_word' id='word_1_96' title='bbox 107 1478 192 1562; x_wconf 78' lang='lat'><strong>(236,</strong></span> <span class='ocrx_word' id='word_1_97' title='bbox 209 1482 278 1565; x_wconf 80' lang='lat'><strong>17),</strong></span> <span class='ocrx_word' id='word_1_98' title='bbox 300 1476 375 1545; x_wconf 76' lang='grc' dir='ltr'><strong><em>τινὰ</em></strong></span> <span class='ocrx_word' id='word_1_99' title='bbox 399 1479 555 1544; x_wconf 81' lang='grc' dir='ltr'><strong><em>τοιοῦτον</em></strong></span> <span class='ocrx_word' id='word_1_100' title='bbox 575 1498 601 1541; x_wconf 90' lang='lat' dir='ltr'><strong>c.</strong></span> <span class='ocrx_word' id='word_1_101' title='bbox 613 1472 703 1540; x_wconf 84' lang='lat' dir='ltr'>XLII</span> <span class='ocrx_word' id='word_1_102' title='bbox 722 1473 808 1560; x_wconf 84' lang='grc'>(238,</span> <span class='ocrx_word' id='word_1_103' title='bbox 820 1473 871 1559; x_wconf 84' lang='grc'><strong>3),</strong></span> <span class='ocrx_word' id='word_1_104' title='bbox 894 1496 968 1541; x_wconf 89' lang='lat' dir='ltr'><strong>curn</strong></span> <span class='ocrx_word' id='word_1_105' title='bbox 985 1474 1060 1543; x_wconf 90' lang='lat' dir='ltr'><strong>nibil</strong></span> <span class='ocrx_word' id='word_1_106' title='bbox 1077 1474 1254 1568; x_wconf 80' lang='lat' dir='ltr'><strong>praecedat,</strong></span> <span class='ocrx_word' id='word_1_107' title='bbox 1276 1473 1316 1543; x_wconf 93' lang='lat' dir='ltr'><strong>ad</strong></span> 
     </span>
     <span class='ocr_line' id='line_1_13' title="bbox 105 1580 1316 1680; baseline -0.001 -24"><span class='ocrx_word' id='word_1_108' title='bbox 105 1589 191 1680; x_wconf 93' lang='lat' dir='ltr'><strong>quod</strong></span> <span class='ocrx_word' id='word_1_109' title='bbox 209 1591 403 1678; x_wconf 73' lang='lat' dir='ltr'><strong>pertineant,</strong></span> <span class='ocrx_word' id='word_1_110' title='bbox 422 1585 532 1653; x_wconf 90' lang='lat' dir='ltr'><strong>deinde</strong></span> <span class='ocrx_word' id='word_1_111' title='bbox 547 1580 662 1665; x_wconf 78' lang='grc' dir='ltr'><strong><em>αὐτοῖς</em></strong></span> <span class='ocrx_word' id='word_1_112' title='bbox 674 1607 700 1651; x_wconf 92' lang='lat' dir='ltr'><strong>c.</strong></span> <span class='ocrx_word' id='word_1_113' title='bbox 718 1583 788 1651; x_wconf 87' lang='lat' dir='ltr'><strong>LVI</strong></span> <span class='ocrx_word' id='word_1_114' title='bbox 806 1585 846 1651; x_wconf 79' lang='lat' dir='ltr'><strong>ln.</strong></span> <span class='ocrx_word' id='word_1_115' title='bbox 869 1585 953 1668; x_wconf 72' lang='grc'>(244,</span> <span class='ocrx_word' id='word_1_116' title='bbox 966 1586 1023 1669; x_wconf 81' lang='grc'><strong>26)</strong></span> <span class='ocrx_word' id='word_1_117' title='bbox 1043 1586 1120 1653; x_wconf 91' lang='lat' dir='ltr'><strong>dure</strong></span> <span class='ocrx_word' id='word_1_118' title='bbox 1132 1587 1172 1655; x_wconf 94' lang='lat' dir='ltr'><strong>ad</strong></span> <span class='ocrx_word' id='word_1_119' title='bbox 1187 1583 1316 1672; x_wconf 80' lang='grc' dir='ltr'><strong><em>μύθοις</em></strong></span> 
     </span>
     <span class='ocr_line' id='line_1_14' title="bbox 107 1690 1303 1787; baseline -0.003 -19"><span class='ocrx_word' id='word_1_120' title='bbox 107 1697 211 1785; x_wconf 79' lang='grc' dir='ltr'><strong><em>ὅμοια</em></strong></span> <span class='ocrx_word' id='word_1_121' title='bbox 228 1699 366 1779; x_wconf 89' lang='lat' dir='ltr'><strong>relertur,</strong></span> <span class='ocrx_word' id='word_1_122' title='bbox 378 1721 453 1764; x_wconf 90' lang='lat' dir='ltr'><strong>cum</strong></span> <span class='ocrx_word' id='word_1_123' title='bbox 474 1696 655 1787; x_wconf 82' lang='lat' dir='ltr'><strong>interposita</strong></span> <span class='ocrx_word' id='word_1_124' title='bbox 673 1695 734 1762; x_wconf 87' lang='lat' dir='ltr'><strong>sint</strong></span> <span class='ocrx_word' id='word_1_125' title='bbox 746 1694 841 1761; x_wconf 90' lang='lat' dir='ltr'><strong>verba</strong></span> <span class='ocrx_word' id='word_1_126' title='bbox 861 1690 879 1763; x_wconf 86' lang='grc' dir='ltr'>ὁ</span> <span class='ocrx_word' id='word_1_127' title='bbox 897 1690 1056 1786; x_wconf 73' lang='grc' dir='ltr'><strong><em>ἀκινάκης</em></strong></span> <span class='ocrx_word' id='word_1_128' title='bbox 1065 1696 1122 1765; x_wconf 83' lang='grc' dir='ltr'><strong>καὶ</strong></span> <span class='ocrx_word' id='word_1_129' title='bbox 1141 1691 1303 1783; x_wconf 75' lang='grc' dir='ltr'><strong><em>ὃόἱνομσς.</em></strong></span> 
     </span>
    </p>

    <p class='ocr_par' dir='ltr' id='par_1_3' title="bbox 92 1804 1321 2450">
     <span class='ocr_line' id='line_1_15' title="bbox 193 1804 1318 1897; baseline -0.004 -20"><span class='ocrx_word' id='word_1_130' title='bbox 193 1809 259 1877; x_wconf 85' lang='lat' dir='ltr'><strong>Sed</strong></span> <span class='ocrx_word' id='word_1_131' title='bbox 280 1818 316 1877; x_wconf 90' lang='lat' dir='ltr'><strong>ut</strong></span> <span class='ocrx_word' id='word_1_132' title='bbox 338 1808 378 1876; x_wconf 89' lang='lat' dir='ltr'><strong>ad</strong></span> <span class='ocrx_word' id='word_1_133' title='bbox 401 1810 502 1897; x_wconf 92' lang='lat' dir='ltr'><strong>priora</strong></span> <span class='ocrx_word' id='word_1_134' title='bbox 522 1807 659 1888; x_wconf 87' lang='lat' dir='ltr'><strong>redeam,</strong></span> <span class='ocrx_word' id='word_1_135' title='bbox 687 1828 750 1872; x_wconf 93' lang='lat' dir='ltr'><strong>non</strong></span> <span class='ocrx_word' id='word_1_136' title='bbox 772 1804 924 1896; x_wconf 86' lang='lat' dir='ltr'><strong>elegantis</strong></span> <span class='ocrx_word' id='word_1_137' title='bbox 947 1806 1003 1873; x_wconf 92' lang='lat' dir='ltr'><strong>sed</strong></span> <span class='ocrx_word' id='word_1_138' title='bbox 1024 1808 1149 1875; x_wconf 86' lang='lat' dir='ltr'><strong>inflatae</strong></span> <span class='ocrx_word' id='word_1_139' title='bbox 1172 1808 1318 1875; x_wconf 86' lang='lat' dir='ltr'><strong>orationis</strong></span> 
     </span>
     <span class='ocr_line' id='line_1_16' title="bbox 92 1906 1321 2010; baseline 0.002 -22"><span class='ocrx_word' id='word_1_140' title='bbox 92 1906 181 1988; x_wconf 75' lang='lat' dir='ltr'><strong>&#39;sunt</strong></span> <span class='ocrx_word' id='word_1_141' title='bbox 201 1922 297 2003; x_wconf 91' lang='lat' dir='ltr'><strong>haec,</strong></span> <span class='ocrx_word' id='word_1_142' title='bbox 327 1943 409 2010; x_wconf 87' lang='lat' dir='ltr'><strong>quae</strong></span> <span class='ocrx_word' id='word_1_143' title='bbox 432 1941 458 1985; x_wconf 93' lang='lat' dir='ltr'><strong>c.</strong></span> <span class='ocrx_word' id='word_1_144' title='bbox 468 1916 577 1984; x_wconf 90' lang='lat' dir='ltr'>XVIII</span> <span class='ocrx_word' id='word_1_145' title='bbox 597 1917 752 2002; x_wconf 77' lang='lat'><strong>(228‚35)</strong></span> <span class='ocrx_word' id='word_1_146' title='bbox 777 1916 940 2007; x_wconf 83' lang='lat' dir='ltr'><strong>leguntur:</strong></span> <span class='ocrx_word' id='word_1_147' title='bbox 967 1915 1198 2001; x_wconf 75' lang='grc' dir='ltr'><strong><em>καταδικάσας</em></strong></span> <span class='ocrx_word' id='word_1_148' title='bbox 1220 1915 1321 2003; x_wconf 76' lang='grc' dir='ltr'><strong><em>αὐτὸς</em></strong></span> 
     </span>
     <span class='ocr_line' id='line_1_17' title="bbox 107 2025 1318 2119; baseline -0.002 -18"><span class='ocrx_word' id='word_1_149' title='bbox 107 2027 212 2101; x_wconf 73' lang='grc' dir='ltr'><strong><em>αὑτοῦ</em></strong></span> <span class='ocrx_word' id='word_1_150' title='bbox 235 2030 402 2119; x_wconf 79' lang='grc' dir='ltr'><strong><em>διέτριβεν</em></strong></span> <span class='ocrx_word' id='word_1_151' title='bbox 424 2029 459 2098; x_wconf 81' lang='grc' dir='ltr'><strong>ἐν</strong></span> <span class='ocrx_word' id='word_1_152' title='bbox 474 2025 595 2119; x_wconf 78' lang='grc' dir='ltr'><em>Γυάρῳ</em></span> <span class='ocrx_word' id='word_1_153' title='bbox 620 2033 705 2116; x_wconf 83' lang='lat' dir='ltr'><strong>(ipse</strong></span> <span class='ocrx_word' id='word_1_154' title='bbox 726 2052 762 2095; x_wconf 84' lang='lat' dir='ltr'><strong>so</strong></span> <span class='ocrx_word' id='word_1_155' title='bbox 784 2032 1007 2097; x_wconf 79' lang='lat' dir='ltr'><strong>condemnans</strong></span> <span class='ocrx_word' id='word_1_156' title='bbox 1027 2030 1124 2119; x_wconf 90' lang='lat' dir='ltr'><strong>Gyari</strong></span> <span class='ocrx_word' id='word_1_157' title='bbox 1141 2053 1318 2099; x_wconf 86' lang='lat' dir='ltr'><strong>commora-</strong></span> 
     </span>
     <span class='ocr_line' id='line_1_18' title="bbox 107 2141 1319 2231; baseline 0 -21"><span class='ocrx_word' id='word_1_158' title='bbox 107 2143 230 2227; x_wconf 85' lang='lat' dir='ltr'><strong>batur),</strong></span> <span class='ocrx_word' id='word_1_159' title='bbox 252 2164 355 2231; x_wconf 89' lang='lat' dir='ltr'><strong>neque</strong></span> <span class='ocrx_word' id='word_1_160' title='bbox 379 2149 513 2231; x_wconf 91' lang='lat' dir='ltr'><strong>possunt</strong></span> <span class='ocrx_word' id='word_1_161' title='bbox 535 2141 574 2205; x_wconf 90' lang='lat' dir='ltr'><strong>ab</strong></span> <span class='ocrx_word' id='word_1_162' title='bbox 598 2162 635 2206; x_wconf 93' lang='lat' dir='ltr'><strong>eo</strong></span> <span class='ocrx_word' id='word_1_163' title='bbox 659 2141 774 2230; x_wconf 87' lang='lat' dir='ltr'><strong>scripta</strong></span> <span class='ocrx_word' id='word_1_164' title='bbox 797 2163 880 2221; x_wconf 90' lang='lat' dir='ltr'><strong>esse,</strong></span> <span class='ocrx_word' id='word_1_165' title='bbox 912 2141 964 2229; x_wconf 92' lang='lat' dir='ltr'><strong>qui</strong></span> <span class='ocrx_word' id='word_1_166' title='bbox 987 2141 1141 2209; x_wconf 89' lang='lat' dir='ltr'><strong>tumidum</strong></span> <span class='ocrx_word' id='word_1_167' title='bbox 1164 2143 1319 2210; x_wconf 87' lang='lat' dir='ltr'><strong>eiusmodi</strong></span> 
     </span>
     <span class='ocr_line' id='line_1_19' title="bbox 105 2249 1317 2340; baseline 0.001 -21"><span class='ocrx_word' id='word_1_168' title='bbox 105 2275 286 2319; x_wconf 88' lang='lat' dir='ltr'><strong>sermonem</strong></span> <span class='ocrx_word' id='word_1_169' title='bbox 306 2253 338 2319; x_wconf 89' lang='lat' dir='ltr'><strong>in</strong></span> <span class='ocrx_word' id='word_1_170' title='bbox 360 2249 557 2334; x_wconf 88' lang='lat' dir='ltr'><strong>„Rhetorum</strong></span> <span class='ocrx_word' id='word_1_171' title='bbox 581 2258 808 2340; x_wconf 80' lang='lat' dir='ltr'><strong>praeceptore“</strong></span> <span class='ocrx_word' id='word_1_172' title='bbox 832 2253 914 2319; x_wconf 90' lang='lat' dir='ltr'><strong>etin</strong></span> <span class='ocrx_word' id='word_1_173' title='bbox 937 2249 1015 2317; x_wconf 92' lang='lat' dir='ltr'><strong>libro</strong></span> <span class='ocrx_word' id='word_1_174' title='bbox 1039 2252 1078 2318; x_wconf 93' lang='lat' dir='ltr'><strong>de</strong></span> <span class='ocrx_word' id='word_1_175' title='bbox 1095 2252 1317 2320; x_wconf 87' lang='lat' dir='ltr'><strong>conscribenda</strong></span> 
     </span>
     <span class='ocr_line' id='line_1_20' title="bbox 104 2360 1041 2450; baseline -0.001 -20"><span class='ocrx_word' id='word_1_176' title='bbox 104 2361 233 2430; x_wconf 87' lang='lat' dir='ltr'><strong>historia</strong></span> <span class='ocrx_word' id='word_1_177' title='bbox 255 2360 461 2430; x_wconf 90' lang='lat' dir='ltr'><strong>vehementer</strong></span> <span class='ocrx_word' id='word_1_178' title='bbox 481 2360 640 2450; x_wconf 85' lang='lat' dir='ltr'><strong>vituperat</strong></span> <span class='ocrx_word' id='word_1_179' title='bbox 661 2370 757 2449; x_wconf 87' lang='lat' dir='ltr'><strong>atque</strong></span> <span class='ocrx_word' id='word_1_180' title='bbox 779 2360 893 2429; x_wconf 81' lang='lat' dir='ltr'><strong>acerbe</strong></span> <span class='ocrx_word' id='word_1_181' title='bbox 915 2360 1041 2429; x_wconf 79' lang='lat' dir='ltr'><strong>deridet</strong></span> 
     </span>
    </p>

    <p class='ocr_par' dir='ltr' id='par_1_4' title="bbox 103 2469 1339 3118">
     <span class='ocr_line' id='line_1_21' title="bbox 192 2469 1319 2565; baseline -0.003 -24"><span class='ocrx_word' id='word_1_182' title='bbox 192 2473 313 2541; x_wconf 87' lang='lat' dir='ltr'><strong>Deinde</strong></span> <span class='ocrx_word' id='word_1_183' title='bbox 327 2474 440 2539; x_wconf 90' lang='lat' dir='ltr'><strong>mirum</strong></span> <span class='ocrx_word' id='word_1_184' title='bbox 456 2479 514 2552; x_wconf 90' lang='lat' dir='ltr'><strong>est,</strong></span> <span class='ocrx_word' id='word_1_185' title='bbox 531 2469 749 2560; x_wconf 83' lang='lat' dir='ltr'><strong>Agathoclem,</strong></span> <span class='ocrx_word' id='word_1_186' title='bbox 773 2493 846 2539; x_wconf 92' lang='lat' dir='ltr'><strong>cum</strong></span> <span class='ocrx_word' id='word_1_187' title='bbox 865 2494 993 2565; x_wconf 88' lang='lat' dir='ltr'><strong>operam</strong></span> <span class='ocrx_word' id='word_1_188' title='bbox 1009 2496 1101 2540; x_wconf 85' lang='lat' dir='ltr'><strong>suern</strong></span> <span class='ocrx_word' id='word_1_189' title='bbox 1116 2474 1279 2562; x_wconf 82' lang='lat' dir='ltr'><strong>egentibus</strong></span> <span class='ocrx_word' id='word_1_190' title='bbox 1290 2477 1319 2561; x_wconf 66' lang='lat' dir='ltr'><strong>*l</strong></span> 
     </span>
     <span class='ocr_line' id='line_1_22' title="bbox 108 2582 1319 2674; baseline 0 -23"><span class='ocrx_word' id='word_1_191' title='bbox 108 2583 316 2652; x_wconf 89' lang='lat' dir='ltr'><strong>urinatoribus</strong></span> <span class='ocrx_word' id='word_1_192' title='bbox 340 2583 529 2650; x_wconf 85' lang='lat' dir='ltr'><strong>collocasset</strong></span> <span class='ocrx_word' id='word_1_193' title='bbox 551 2583 637 2666; x_wconf 80' lang='lat'><strong>(228,</strong></span> <span class='ocrx_word' id='word_1_194' title='bbox 653 2582 695 2648; x_wconf 84' lang='lat'><strong>37</strong></span> <span class='ocrx_word' id='word_1_195' title='bbox 702 2585 827 2665; x_wconf 83' lang='lat'><strong>-229,</strong></span> <span class='ocrx_word' id='word_1_196' title='bbox 842 2586 888 2669; x_wconf 77' lang='grc' dir='ltr'><strong>Ι),</strong></span> <span class='ocrx_word' id='word_1_197' title='bbox 917 2592 1036 2649; x_wconf 87' lang='lat' dir='ltr'><strong>tantam</strong></span> <span class='ocrx_word' id='word_1_198' title='bbox 1058 2585 1224 2674; x_wconf 89' lang='lat' dir='ltr'><strong>pecuniam</strong></span> <span class='ocrx_word' id='word_1_199' title='bbox 1252 2609 1319 2652; x_wconf 87' lang='lat' dir='ltr'><strong>rne-</strong></span> 
     </span>
     <span class='ocr_line' id='line_1_23' title="bbox 104 2693 1320 2786; baseline 0.002 -26"><span class='ocrx_word' id='word_1_200' title='bbox 104 2695 221 2775; x_wconf 85' lang='lat' dir='ltr'><strong>ruisse,</strong></span> <span class='ocrx_word' id='word_1_201' title='bbox 248 2703 283 2760; x_wconf 91' lang='lat' dir='ltr'><strong>ut</strong></span> <span class='ocrx_word' id='word_1_202' title='bbox 305 2703 336 2759; x_wconf 92' lang='lat' dir='ltr'><strong>et</strong></span> <span class='ocrx_word' id='word_1_203' title='bbox 358 2717 392 2760; x_wconf 91' lang='lat' dir='ltr'><strong>se</strong></span> <span class='ocrx_word' id='word_1_204' title='bbox 420 2703 452 2761; x_wconf 91' lang='lat' dir='ltr'><strong>et</strong></span> <span class='ocrx_word' id='word_1_205' title='bbox 473 2694 609 2761; x_wconf 86' lang='lat' dir='ltr'><strong>amicum</strong></span> <span class='ocrx_word' id='word_1_206' title='bbox 637 2693 721 2760; x_wconf 88' lang='lat' dir='ltr'><strong>alere</strong></span> <span class='ocrx_word' id='word_1_207' title='bbox 742 2703 864 2783; x_wconf 89' lang='lat' dir='ltr'><strong>posset,</strong></span> <span class='ocrx_word' id='word_1_208' title='bbox 892 2695 1075 2785; x_wconf 87' lang='lat' dir='ltr'><strong>praesertim</strong></span> <span class='ocrx_word' id='word_1_209' title='bbox 1103 2716 1141 2761; x_wconf 91' lang='lat' dir='ltr'><strong>eo</strong></span> <span class='ocrx_word' id='word_1_210' title='bbox 1156 2698 1320 2786; x_wconf 65' lang='lat' dir='ltr'><strong>temporo,</strong></span> 
     </span>
     <span class='ocr_line' id='line_1_24' title="bbox 103 2803 1319 2901; baseline 0.001 -31"><span class='ocrx_word' id='word_1_211' title='bbox 103 2826 169 2897; x_wconf 88' lang='lat' dir='ltr'><strong>quo</strong></span> <span class='ocrx_word' id='word_1_212' title='bbox 193 2827 266 2871; x_wconf 91' lang='lat' dir='ltr'><strong>eum</strong></span> <span class='ocrx_word' id='word_1_213' title='bbox 289 2813 454 2895; x_wconf 84' lang='lat' dir='ltr'><strong>aegrotum</strong></span> <span class='ocrx_word' id='word_1_214' title='bbox 470 2814 601 2871; x_wconf 88' lang='lat' dir='ltr'><strong>curaret.</strong></span> <span class='ocrx_word' id='word_1_215' title='bbox 637 2805 737 2901; x_wconf 84' lang='lat' dir='ltr'><strong>blagis</strong></span> <span class='ocrx_word' id='word_1_216' title='bbox 754 2815 860 2871; x_wconf 85' lang='lat' dir='ltr'><strong>autem</strong></span> <span class='ocrx_word' id='word_1_217' title='bbox 877 2803 1062 2886; x_wconf 85' lang='lat' dir='ltr'><strong>mirandum,</strong></span> <span class='ocrx_word' id='word_1_218' title='bbox 1085 2804 1170 2895; x_wconf 94' lang='lat' dir='ltr'><strong>quod</strong></span> <span class='ocrx_word' id='word_1_219' title='bbox 1193 2806 1319 2873; x_wconf 91' lang='lat' dir='ltr'><strong>omnino</strong></span> 
     </span>
     <span class='ocr_line' id='line_1_25' title="bbox 103 2914 1339 3006; baseline 0.002 -24"><span class='ocrx_word' id='word_1_220' title='bbox 103 2914 193 2983; x_wconf 92' lang='lat' dir='ltr'><strong>illum</strong></span> <span class='ocrx_word' id='word_1_221' title='bbox 216 2915 401 2981; x_wconf 87' lang='lat' dir='ltr'><strong>urinantium</strong></span> <span class='ocrx_word' id='word_1_222' title='bbox 429 2926 595 3005; x_wconf 88' lang='lat' dir='ltr'><strong>quaestum</strong></span> <span class='ocrx_word' id='word_1_223' title='bbox 619 2915 723 2981; x_wconf 89' lang='lat' dir='ltr'><strong>lacere</strong></span> <span class='ocrx_word' id='word_1_224' title='bbox 746 2916 859 3006; x_wconf 89' lang='lat' dir='ltr'><strong>potuit;</strong></span> <span class='ocrx_word' id='word_1_225' title='bbox 888 2915 943 2983; x_wconf 90' lang='lat' dir='ltr'><strong>sed</strong></span> <span class='ocrx_word' id='word_1_226' title='bbox 967 2924 1001 2981; x_wconf 92' lang='lat' dir='ltr'><strong>ut</strong></span> <span class='ocrx_word' id='word_1_227' title='bbox 1029 2925 1208 2983; x_wconf 87' lang='lat' dir='ltr'><strong>nostrarum</strong></span> <span class='ocrx_word' id='word_1_228' title='bbox 1230 2916 1339 2983; x_wconf 87' lang='lat' dir='ltr'><strong>labu-·</strong></span> 
     </span>
     <span class='ocr_line' id='line_1_26' title="bbox 103 3023 1304 3118; baseline 0.002 -25"><span class='ocrx_word' id='word_1_229' title='bbox 103 3023 207 3094; x_wconf 85' lang='lat' dir='ltr'><strong>larum</strong></span> <span class='ocrx_word' id='word_1_230' title='bbox 221 3026 467 3093; x_wconf 85' lang='lat' dir='ltr'><strong>Rornanensium</strong></span> <span class='ocrx_word' id='word_1_231' title='bbox 489 3025 631 3093; x_wconf 90' lang='lat' dir='ltr'><strong>homines</strong></span> <span class='ocrx_word' id='word_1_232' title='bbox 655 3023 728 3091; x_wconf 88' lang='lat' dir='ltr'><strong>nibil</strong></span> <span class='ocrx_word' id='word_1_233' title='bbox 751 3024 802 3092; x_wconf 88' lang='lat' dir='ltr'><strong>ille</strong></span> <span class='ocrx_word' id='word_1_234' title='bbox 816 3027 939 3094; x_wconf 89' lang='lat' dir='ltr'><strong>videtur</strong></span> <span class='ocrx_word' id='word_1_235' title='bbox 955 3027 1060 3093; x_wconf 88' lang='lat' dir='ltr'><strong>lacere</strong></span> <span class='ocrx_word' id='word_1_236' title='bbox 1075 3049 1138 3094; x_wconf 92' lang='lat' dir='ltr'><strong>non</strong></span> <span class='ocrx_word' id='word_1_237' title='bbox 1157 3027 1304 3118; x_wconf 88' lang='lat' dir='ltr'><strong>potuisse.</strong></span> 
     </span>
    </p>

    <p class='ocr_par' dir='ltr' id='par_1_5' title="bbox 103 3135 1321 3890">
     <span class='ocr_line' id='line_1_27' title="bbox 188 3135 1320 3228; baseline 0.005 -27"><span class='ocrx_word' id='word_1_238' title='bbox 188 3135 281 3202; x_wconf 87' lang='lat' dir='ltr'><strong>Dinia</strong></span> <span class='ocrx_word' id='word_1_239' title='bbox 305 3145 412 3202; x_wconf 89' lang='lat' dir='ltr'><strong>autem</strong></span> <span class='ocrx_word' id='word_1_240' title='bbox 434 3145 558 3202; x_wconf 90' lang='lat' dir='ltr'><strong>mortuo</strong></span> <span class='ocrx_word' id='word_1_241' title='bbox 590 3135 683 3200; x_wconf 89' lang='lat' dir='ltr'><strong>etiam</strong></span> <span class='ocrx_word' id='word_1_242' title='bbox 706 3135 888 3226; x_wconf 90' lang='lat' dir='ltr'><strong>sepulcrum</strong></span> <span class='ocrx_word' id='word_1_243' title='bbox 914 3137 981 3203; x_wconf 86' lang='lat' dir='ltr'><strong>eius</strong></span> <span class='ocrx_word' id='word_1_244' title='bbox 1003 3135 1177 3228; x_wconf 80' lang='lat' dir='ltr'><strong>reIInquere</strong></span> <span class='ocrx_word' id='word_1_245' title='bbox 1196 3141 1320 3225; x_wconf 71' lang='lat' dir='ltr'><strong>produit</strong></span> 
     </span>
     <span class='ocr_line' id='line_1_28' title="bbox 104 3243 1320 3337; baseline 0.003 -26"><span class='ocrx_word' id='word_1_246' title='bbox 104 3244 333 3335; x_wconf 73' lang='lat' dir='ltr'><strong>Agathoclem,</strong></span> <span class='ocrx_word' id='word_1_247' title='bbox 360 3255 456 3335; x_wconf 90' lang='lat' dir='ltr'><strong>atque</strong></span> <span class='ocrx_word' id='word_1_248' title='bbox 482 3243 513 3309; x_wconf 92' lang='lat' dir='ltr'><strong>id</strong></span> <span class='ocrx_word' id='word_1_249' title='bbox 536 3245 672 3321; x_wconf 81' lang='lat' dir='ltr'><strong>maxime</strong></span> <span class='ocrx_word' id='word_1_250' title='bbox 701 3246 945 3337; x_wconf 85' lang='lat' dir='ltr'><strong>praedIcandum</strong></span> <span class='ocrx_word' id='word_1_251' title='bbox 974 3270 1046 3315; x_wconf 85' lang='lat' dir='ltr'><strong>esse</strong></span> <span class='ocrx_word' id='word_1_252' title='bbox 1069 3246 1190 3314; x_wconf 87' lang='lat' dir='ltr'><strong>videtur</strong></span> <span class='ocrx_word' id='word_1_253' title='bbox 1213 3246 1320 3315; x_wconf 82' lang='lat' dir='ltr'><strong>Toxa-</strong></span> 
     </span>
     <span class='ocr_line' id='line_1_29' title="bbox 103 3353 1319 3448; baseline 0.004 -27"><span class='ocrx_word' id='word_1_254' title='bbox 103 3355 178 3421; x_wconf 90' lang='lat' dir='ltr'><strong>ridis</strong></span> <span class='ocrx_word' id='word_1_255' title='bbox 200 3356 357 3446; x_wconf 88' lang='lat' dir='ltr'><strong>scriptori,</strong></span> <span class='ocrx_word' id='word_1_256' title='bbox 385 3355 469 3446; x_wconf 89' lang='lat' dir='ltr'><strong>quod</strong></span> <span class='ocrx_word' id='word_1_257' title='bbox 492 3378 510 3421; x_wconf 90' lang='lat' dir='ltr'><strong>a</strong></span> <span class='ocrx_word' id='word_1_258' title='bbox 533 3353 663 3423; x_wconf 85' lang='lat' dir='ltr'><strong>Luciani</strong></span> <span class='ocrx_word' id='word_1_259' title='bbox 689 3357 814 3446; x_wconf 80' lang='lat' dir='ltr'><strong>ingenio</strong></span> <span class='ocrx_word' id='word_1_260' title='bbox 843 3379 971 3448; x_wconf 86' lang='lat' dir='ltr'><strong>prorsus</strong></span> <span class='ocrx_word' id='word_1_261' title='bbox 995 3353 1148 3423; x_wconf 87' lang='lat' dir='ltr'><strong>abhorret.</strong></span> <span class='ocrx_word' id='word_1_262' title='bbox 1193 3356 1234 3423; x_wconf 83' lang='lat' dir='ltr'><strong>Et</strong></span> <span class='ocrx_word' id='word_1_263' title='bbox 1257 3358 1319 3426; x_wconf 92' lang='lat' dir='ltr'><strong>boc</strong></span> 
     </span>
     <span class='ocr_line' id='line_1_30' title="bbox 105 3463 1321 3559; baseline 0.003 -28"><span class='ocrx_word' id='word_1_264' title='bbox 105 3463 233 3557; x_wconf 87' lang='lat' dir='ltr'><strong>quidem</strong></span> <span class='ocrx_word' id='word_1_265' title='bbox 255 3464 400 3533; x_wconf 86' lang='lat' dir='ltr'><strong>facillime</strong></span> <span class='ocrx_word' id='word_1_266' title='bbox 423 3489 464 3533; x_wconf 86' lang='lat' dir='ltr'><strong>ex</strong></span> <span class='ocrx_word' id='word_1_267' title='bbox 485 3464 574 3547; x_wconf 88' lang='lat' dir='ltr'><strong>libro,</strong></span> <span class='ocrx_word' id='word_1_268' title='bbox 602 3467 656 3556; x_wconf 89' lang='lat' dir='ltr'><strong>qui</strong></span> <span class='ocrx_word' id='word_1_269' title='bbox 678 3467 717 3534; x_wconf 95' lang='lat' dir='ltr'><strong>de</strong></span> <span class='ocrx_word' id='word_1_270' title='bbox 738 3466 827 3534; x_wconf 91' lang='lat' dir='ltr'><strong>luctu</strong></span> <span class='ocrx_word' id='word_1_271' title='bbox 846 3468 1030 3550; x_wconf 86' lang='lat' dir='ltr'><strong>inscribitur,</strong></span> <span class='ocrx_word' id='word_1_272' title='bbox 1058 3467 1182 3558; x_wconf 85' lang='lat' dir='ltr'><strong>probari</strong></span> <span class='ocrx_word' id='word_1_273' title='bbox 1204 3479 1321 3559; x_wconf 83' lang='lat' dir='ltr'><strong>posset,</strong></span> 
     </span>
     <span class='ocr_line' id='line_1_31' title="bbox 103 3574 1321 3667; baseline 0.002 -24"><span class='ocrx_word' id='word_1_274' title='bbox 103 3577 163 3643; x_wconf 86' lang='lat' dir='ltr'><strong>nisi</strong></span> <span class='ocrx_word' id='word_1_275' title='bbox 184 3574 270 3643; x_wconf 89' lang='lat' dir='ltr'><strong>bunc</strong></span> <span class='ocrx_word' id='word_1_276' title='bbox 292 3599 419 3667; x_wconf 90' lang='lat' dir='ltr'><strong>quoque</strong></span> <span class='ocrx_word' id='word_1_277' title='bbox 442 3574 556 3642; x_wconf 92' lang='lat' dir='ltr'><strong>librum</strong></span> <span class='ocrx_word' id='word_1_278' title='bbox 577 3599 640 3643; x_wconf 89' lang='lat' dir='ltr'><strong>non</strong></span> <span class='ocrx_word' id='word_1_279' title='bbox 664 3601 735 3645; x_wconf 89' lang='lat' dir='ltr'><strong>esse</strong></span> <span class='ocrx_word' id='word_1_280' title='bbox 756 3577 886 3645; x_wconf 80' lang='lat' dir='ltr'><strong>Luciam</strong></span> <span class='ocrx_word' id='word_1_281' title='bbox 910 3576 1051 3645; x_wconf 93' lang='lat' dir='ltr'><strong>nonnulli</strong></span> <span class='ocrx_word' id='word_1_282' title='bbox 1074 3578 1215 3647; x_wconf 89' lang='lat' dir='ltr'><strong>homines</strong></span> <span class='ocrx_word' id='word_1_283' title='bbox 1238 3578 1321 3645; x_wconf 88' lang='lat' dir='ltr'><strong>docti</strong></span> 
     </span>
     <span class='ocr_line' id='line_1_32' title="bbox 104 3685 1320 3779; baseline 0.002 -26"><span class='ocrx_word' id='word_1_284' title='bbox 104 3687 337 3755; x_wconf 85' lang='lat' dir='ltr'><strong>contenderent.</strong></span> <span class='ocrx_word' id='word_1_285' title='bbox 382 3685 448 3755; x_wconf 87' lang='lat' dir='ltr'><strong>Sed</strong></span> <span class='ocrx_word' id='word_1_286' title='bbox 471 3688 565 3755; x_wconf 84' lang='lat' dir='ltr'><strong>etium</strong></span> <span class='ocrx_word' id='word_1_287' title='bbox 588 3710 699 3769; x_wconf 87' lang='lat' dir='ltr'><strong>exeo,</strong></span> <span class='ocrx_word' id='word_1_288' title='bbox 727 3688 811 3779; x_wconf 93' lang='lat' dir='ltr'><strong>quod</strong></span> <span class='ocrx_word' id='word_1_289' title='bbox 833 3691 869 3770; x_wconf 91' lang='lat' dir='ltr'><strong>is,</strong></span> <span class='ocrx_word' id='word_1_290' title='bbox 891 3713 974 3778; x_wconf 89' lang='lat' dir='ltr'><strong>quae</strong></span> <span class='ocrx_word' id='word_1_291' title='bbox 997 3690 1036 3755; x_wconf 89' lang='lat' dir='ltr'><strong>de</strong></span> <span class='ocrx_word' id='word_1_292' title='bbox 1059 3690 1189 3757; x_wconf 90' lang='lat' dir='ltr'><strong>mortuis</strong></span> <span class='ocrx_word' id='word_1_293' title='bbox 1212 3688 1320 3757; x_wconf 89' lang='lat' dir='ltr'><strong>crede·</strong></span> 
     </span>
     <span class='ocr_line' id='line_1_33' title="bbox 105 3792 1320 3890; baseline 0.002 -29"><span class='ocrx_word' id='word_1_294' title='bbox 105 3792 217 3862; x_wconf 85' lang='lat' dir='ltr'><strong>bantur</strong></span> <span class='ocrx_word' id='word_1_295' title='bbox 245 3821 264 3863; x_wconf 89' lang='lat' dir='ltr'><strong>a</strong></span> <span class='ocrx_word' id='word_1_296' title='bbox 292 3797 438 3879; x_wconf 86' lang='lat' dir='ltr'><strong>Graecis,</strong></span> <span class='ocrx_word' id='word_1_297' title='bbox 472 3818 510 3863; x_wconf 86' lang='lat' dir='ltr'><strong>ea</strong></span> <span class='ocrx_word' id='word_1_298' title='bbox 537 3796 659 3864; x_wconf 89' lang='lat' dir='ltr'><strong>acerbis</strong></span> <span class='ocrx_word' id='word_1_299' title='bbox 686 3797 806 3867; x_wconf 81' lang='lat' dir='ltr'><strong>facetiis</strong></span> <span class='ocrx_word' id='word_1_300' title='bbox 833 3800 951 3881; x_wconf 89' lang='lat' dir='ltr'><strong>irridet,</strong></span> <span class='ocrx_word' id='word_1_301' title='bbox 985 3800 1048 3867; x_wconf 90' lang='lat' dir='ltr'><strong>boc</strong></span> <span class='ocrx_word' id='word_1_302' title='bbox 1079 3801 1154 3867; x_wconf 85' lang='lat' dir='ltr'><strong>satis</strong></span> <span class='ocrx_word' id='word_1_303' title='bbox 1181 3810 1320 3890; x_wconf 83' lang='lat' dir='ltr'><strong>apparet.</strong></span> 
     </span>
    </p>
   </div>
   <div class='ocr_carea' id='block_1_3' title="bbox 104 3904 1329 4003">
    <p class='ocr_par' dir='ltr' id='par_1_6' title="bbox 104 3904 1329 4003">
     <span class='ocr_line' id='line_1_34' title="bbox 104 3904 1329 4003; baseline 0.003 -31"><span class='ocrx_word' id='word_1_304' title='bbox 104 3904 211 3996; x_wconf 85' lang='lat' dir='ltr'><strong>Atque</strong></span> <span class='ocrx_word' id='word_1_305' title='bbox 232 3906 393 3998; x_wconf 85' lang='lat' dir='ltr'><strong>diligenter</strong></span> <span class='ocrx_word' id='word_1_306' title='bbox 415 3907 523 4000; x_wconf 78' lang='lat' dir='ltr'><strong>legant</strong></span> <span class='ocrx_word' id='word_1_307' title='bbox 541 3909 578 3990; x_wconf 92' lang='lat' dir='ltr'><strong>ei,</strong></span> <span class='ocrx_word' id='word_1_308' title='bbox 600 3908 713 3998; x_wconf 91' lang='lat' dir='ltr'><strong>quibus</strong></span> <span class='ocrx_word' id='word_1_309' title='bbox 735 3907 796 3979; x_wconf 90' lang='lat' dir='ltr'><strong>hoc</strong></span> <span class='ocrx_word' id='word_1_310' title='bbox 811 3933 873 3979; x_wconf 94' lang='lat' dir='ltr'><strong>non</strong></span> <span class='ocrx_word' id='word_1_311' title='bbox 896 3935 1084 4003; x_wconf 88' lang='lat' dir='ltr'><strong>persuasum</strong></span> <span class='ocrx_word' id='word_1_312' title='bbox 1099 3920 1156 3992; x_wconf 89' lang='lat' dir='ltr'><strong>est,</strong></span> <span class='ocrx_word' id='word_1_313' title='bbox 1178 3907 1329 3999; x_wconf 79' lang='lat' dir='ltr'><strong>dialogos</strong></span> 
     </span>
    </p>
   </div>
   <div class='ocr_carea' id='block_1_4' title="bbox 106 4044 309 4058">
    <p class='ocr_par' dir='ltr' id='par_1_7' title="bbox 106 4044 309 4058">
     <span class='ocr_line' id='line_1_35' title="bbox 106 4044 309 4058; baseline 0.015 -3"><span class='ocrx_word' id='word_1_314' title='bbox 106 4044 309 4058; x_wconf 69' lang='lat' dir='ltr'>——u-</span> 
     </span>
    </p>
   </div>
   <div class='ocr_carea' id='block_1_5' title="bbox 103 4126 1321 4545">
    <p class='ocr_par' dir='ltr' id='par_1_8' title="bbox 103 4126 1321 4545">
     <span class='ocr_line' id='line_1_36' title="bbox 175 4126 1320 4200; baseline 0.006 -23"><span class='ocrx_word' id='word_1_315' title='bbox 175 4126 205 4190; x_wconf 70' lang='lat' dir='ltr'><strong>*J</strong></span> <span class='ocrx_word' id='word_1_316' title='bbox 233 4127 272 4178; x_wconf 86' lang='lat' dir='ltr'><strong>cf.</strong></span> <span class='ocrx_word' id='word_1_317' title='bbox 293 4126 378 4178; x_wconf 83' lang='lat' dir='ltr'><strong>Strab.</strong></span> <span class='ocrx_word' id='word_1_318' title='bbox 398 4128 416 4177; x_wconf 91' lang='lat' dir='ltr'><strong>I.</strong></span> <span class='ocrx_word' id='word_1_319' title='bbox 432 4128 458 4178; x_wconf 86' lang='lat' dir='ltr'>X</span> <span class='ocrx_word' id='word_1_320' title='bbox 476 4143 498 4178; x_wconf 88' lang='lat' dir='ltr'><strong>c.</strong></span> <span class='ocrx_word' id='word_1_321' title='bbox 515 4135 529 4180; x_wconf 84' lang='lat'>5</span> <span class='ocrx_word' id='word_1_322' title='bbox 550 4131 594 4191; x_wconf 72' lang='lat'><strong>§3</strong></span> <span class='ocrx_word' id='word_1_323' title='bbox 613 4145 638 4195; x_wconf 92' lang='lat' dir='ltr'><strong>p.</strong></span> <span class='ocrx_word' id='word_1_324' title='bbox 650 4132 700 4181; x_wconf 80' lang='lat'><strong>485</strong></span> <span class='ocrx_word' id='word_1_325' title='bbox 722 4128 771 4195; x_wconf 84' lang='lat' dir='ltr'><strong>(ed.</strong></span> <span class='ocrx_word' id='word_1_326' title='bbox 790 4130 908 4182; x_wconf 85' lang='lat' dir='ltr'><strong>Kramer.</strong></span> <span class='ocrx_word' id='word_1_327' title='bbox 922 4133 950 4184; x_wconf 93' lang='lat' dir='ltr'><strong>II</strong></span> <span class='ocrx_word' id='word_1_328' title='bbox 966 4149 994 4200; x_wconf 88' lang='lat' dir='ltr'><strong>p.</strong></span> <span class='ocrx_word' id='word_1_329' title='bbox 1004 4137 1054 4185; x_wconf 75' lang='lat'><strong>417</strong></span> <span class='ocrx_word' id='word_1_330' title='bbox 1071 4150 1096 4188; x_wconf 84' lang='lat' dir='ltr'><strong>v.</strong></span> <span class='ocrx_word' id='word_1_331' title='bbox 1107 4130 1242 4195; x_wconf 84' lang='lat'>10-20).</span> <span class='ocrx_word' id='word_1_332' title='bbox 1279 4129 1320 4178; x_wconf 73' lang='lat' dir='ltr'><strong>De</strong></span> 
     </span>
     <span class='ocr_line' id='line_1_37' title="bbox 107 4213 1321 4286; baseline 0 -21"><span class='ocrx_word' id='word_1_333' title='bbox 107 4213 195 4281; x_wconf 82' lang='lat' dir='ltr'><strong>Gyaro</strong></span> <span class='ocrx_word' id='word_1_334' title='bbox 214 4213 303 4264; x_wconf 82' lang='lat' dir='ltr'><strong>insule</strong></span> <span class='ocrx_word' id='word_1_335' title='bbox 329 4215 361 4267; x_wconf 80' lang='lat' dir='ltr'><strong>of,</strong></span> <span class='ocrx_word' id='word_1_336' title='bbox 381 4214 465 4265; x_wconf 72' lang='lat' dir='ltr'><strong>Tacit.</strong></span> <span class='ocrx_word' id='word_1_337' title='bbox 484 4216 553 4267; x_wconf 85' lang='lat' dir='ltr'><strong>Anu.</strong></span> <span class='ocrx_word' id='word_1_338' title='bbox 567 4218 617 4280; x_wconf 87' lang='lat'><strong>111,</strong></span> <span class='ocrx_word' id='word_1_339' title='bbox 632 4221 677 4270; x_wconf 81' lang='lat'><strong>69:</strong></span> <span class='ocrx_word' id='word_1_340' title='bbox 702 4218 817 4269; x_wconf 85' lang='lat' dir='ltr'><strong>insulem</strong></span> <span class='ocrx_word' id='word_1_341' title='bbox 836 4219 954 4286; x_wconf 81' lang='lat' dir='ltr'><strong>Gyarum</strong></span> <span class='ocrx_word' id='word_1_342' title='bbox 976 4222 1103 4272; x_wconf 90' lang='lat' dir='ltr'><strong>immitem</strong></span> <span class='ocrx_word' id='word_1_343' title='bbox 1127 4226 1152 4271; x_wconf 87' lang='lat' dir='ltr'><strong>et</strong></span> <span class='ocrx_word' id='word_1_344' title='bbox 1172 4221 1229 4270; x_wconf 86' lang='lat' dir='ltr'><strong>sine</strong></span> <span class='ocrx_word' id='word_1_345' title='bbox 1247 4216 1321 4266; x_wconf 89' lang='lat' dir='ltr'><strong>cultu</strong></span> 
     </span>
     <span class='ocr_line' id='line_1_38' title="bbox 106 4299 1321 4377; baseline 0.006 -27"><span class='ocrx_word' id='word_1_346' title='bbox 106 4299 246 4352; x_wconf 90' lang='lat' dir='ltr'><strong>bominum</strong></span> <span class='ocrx_word' id='word_1_347' title='bbox 265 4318 337 4366; x_wconf 80' lang='lat' dir='ltr'><strong>eese3</strong></span> <span class='ocrx_word' id='word_1_348' title='bbox 357 4300 470 4366; x_wconf 80' lang='lat' dir='ltr'><strong>(Tiberii</strong></span> <span class='ocrx_word' id='word_1_349' title='bbox 487 4303 554 4355; x_wconf 83' lang='lat' dir='ltr'><strong>baec</strong></span> <span class='ocrx_word' id='word_1_350' title='bbox 571 4306 662 4368; x_wconf 81' lang='lat' dir='ltr'><strong>verbe,</strong></span> <span class='ocrx_word' id='word_1_351' title='bbox 682 4307 728 4372; x_wconf 87' lang='lat' dir='ltr'><strong>qui</strong></span> <span class='ocrx_word' id='word_1_352' title='bbox 746 4322 780 4377; x_wconf 81' lang='lat' dir='ltr'><strong>ne</strong></span> <span class='ocrx_word' id='word_1_353' title='bbox 793 4306 919 4358; x_wconf 80' lang='lat' dir='ltr'><strong>Serenum</strong></span> <span class='ocrx_word' id='word_1_354' title='bbox 939 4308 1043 4375; x_wconf 87' lang='lat' dir='ltr'><strong>quidem</strong></span> <span class='ocrx_word' id='word_1_355' title='bbox 1056 4309 1173 4375; x_wconf 76' lang='lat' dir='ltr'><strong>Gyarum</strong></span> <span class='ocrx_word' id='word_1_356' title='bbox 1191 4304 1321 4370; x_wconf 74' lang='lat' dir='ltr'><strong>deportari</strong></span> 
     </span>
     <span class='ocr_line' id='line_1_39' title="bbox 104 4389 1319 4462; baseline 0.006 -23"><span class='ocrx_word' id='word_1_357' title='bbox 104 4389 194 4441; x_wconf 73' lang='lat' dir='ltr'><strong>&#39;coluit</strong></span> <span class='ocrx_word' id='word_1_358' title='bbox 213 4390 318 4444; x_wconf 84' lang='lat' dir='ltr'><strong>dicens:</strong></span> <span class='ocrx_word' id='word_1_359' title='bbox 339 4406 449 4458; x_wconf 78' lang='lat' dir='ltr'><strong>egenam</strong></span> <span class='ocrx_word' id='word_1_360' title='bbox 467 4404 551 4456; x_wconf 74' lang='lat' dir='ltr'><strong>equae</strong></span> <span class='ocrx_word' id='word_1_361' title='bbox 568 4393 684 4445; x_wconf 81' lang='lat' dir='ltr'><strong>insulem</strong></span> <span class='ocrx_word' id='word_1_362' title='bbox 703 4410 761 4447; x_wconf 85' lang='lat' dir='ltr'><strong>esse</strong></span> <span class='ocrx_word' id='word_1_363' title='bbox 780 4395 932 4462; x_wconf 75' lang='lat' dir='ltr'><strong>dandosque</strong></span> <span class='ocrx_word' id='word_1_364' title='bbox 950 4398 1021 4449; x_wconf 75' lang='lat' dir='ltr'><strong>vitoe</strong></span> <span class='ocrx_word' id='word_1_365' title='bbox 1034 4413 1110 4461; x_wconf 80' lang='lat' dir='ltr'><strong>usus,</strong></span> <span class='ocrx_word' id='word_1_366' title='bbox 1130 4394 1174 4445; x_wconf 86' lang='lat' dir='ltr'><strong>cui</strong></span> <span class='ocrx_word' id='word_1_367' title='bbox 1188 4394 1245 4445; x_wconf 79' lang='lat' dir='ltr'><strong>vita</strong></span> <span class='ocrx_word' id='word_1_368' title='bbox 1259 4409 1319 4446; x_wconf 88' lang='lat' dir='ltr'><strong>con-</strong></span> 
     </span>
     <span class='ocr_line' id='line_1_40' title="bbox 103 4475 502 4545; baseline -0.005 -12"><span class='ocrx_word' id='word_1_369' title='bbox 103 4475 250 4533; x_wconf 70' lang='lat' dir='ltr'><strong>cederetur</strong></span> <span class='ocrx_word' id='word_1_370' title='bbox 265 4481 337 4535; x_wconf 69' lang='lat' dir='ltr'><strong>suo</strong></span> <span class='ocrx_word' id='word_1_371' title='bbox 346 4480 393 4543; x_wconf 84' lang='lat' dir='ltr'><strong>lv,</strong></span> <span class='ocrx_word' id='word_1_372' title='bbox 405 4481 439 4531; x_wconf 77' lang='lat'><strong>30</strong></span> <span class='ocrx_word' id='word_1_373' title='bbox 451 4479 502 4545; x_wconf 79' lang='lat' dir='ltr'><strong>in.)</strong></span> 
     </span>
    </p>
   </div>
   <div class='ocr_carea' id='block_1_6' title="bbox 153 4578 1107 4643">
    <p class='ocr_par' dir='ltr' id='par_1_9' title="bbox 153 4578 1107 4643">
     <span class='ocr_line' id='line_1_41' title="bbox 153 4578 1107 4643; baseline 0.007 -19"><span class='ocrx_word' id='word_1_374' title='bbox 153 4578 322 4635; x_wconf 75' lang='lat' dir='ltr'><strong>Guttcntog,</strong></span> <span class='ocrx_word' id='word_1_375' title='bbox 348 4582 512 4625; x_wconf 77' lang='lat' dir='ltr'><strong>commentatio,</strong></span> <span class='ocrx_word' id='word_1_376' title='bbox 1074 4578 1107 4643; x_wconf 66' lang='lat'><em>2</em></span> 
     </span>
    </p>
   </div>
   <div class='ocr_carea' id='block_1_7' title="bbox 0 0 1432 4906">
    <p class='ocr_par' dir='ltr' id='par_1_10' title="bbox 0 0 1432 4906">
     <span class='ocr_line' id='line_1_42' title="bbox 0 0 1432 4906; baseline 0 0"><span class='ocrx_word' id='word_1_377' title='bbox 0 0 1432 4906; x_wconf 95' lang='lat' dir='ltr'><strong> </strong></span> 
     </span>
    </p>
   </div>
  </div>
 </body>
</html>
