2856 4906
718 228 780 297 104

142 405 261 473 rnerioo
283 401 336 472 illo
358 401 455 470 verbo
479 397 599 493 ζώγρει
620 402 671 489 (cf.
685 399 822 493 ζωγρία)
846 421 941 490 quam
965 419 1038 466 cum
1061 399 1173 465 Baiero
1188 400 1209 485 ¹)
1234 407 1354 466 status-

143 516 194 598 n's,
217 514 417 581 derivandam
441 535 606 590 eamesse
627 538 644 581 a
662 517 733 602 Ζῆν
754 513 860 592 verbo,
884 511 968 601 quod
989 510 1073 600 apud
1094 509 1353 600 septentrionales

144 624 299 716 quosdam
320 623 454 715 populos
477 647 630 715 magnum
651 627 753 692 virum
777 621 941 711 significet,
964 644 1038 687 nam
1060 625 1089 686 in
1113 620 1174 686 hac
1197 629 1261 686 tota
1284 630 1355 711 ety-

143 733 299 824 mologia,
332 735 358 800 si
380 757 494 802 vocem
522 737 771 827 sententiamque
799 733 942 825 respicis,
974 729 1049 797 nihil
1072 733 1129 798 nisi
1151 753 1354 798 communem

144 853 176 914 Ζ
188 843 320 912 litteram
337 845 464 911 invenis.
488 841 662 929 Κοχάνους
682 846 815 913 verbum
832 854 947 926 autern,
971 842 1054 933 quod
1070 841 1117 908 La
1133 839 1235 908 Croze
1257 841 1353 908 credo

135 955 287 1036 coniecit,
325 951 445 1020 silentio
468 957 762 1045 praetermitterem,
796 956 853 1021 nisi
876 954 1016 1021 viderem
1043 953 1136 1018 etiarn
1164 975 1183 1017 a
1208 949 1353 1017 Bekkero

138 1062 205 1132 hoc
231 1063 423 1131 vocabulum
452 1065 483 1132 in
511 1067 684 1155 marginem
714 1065 854 1133 editionis
883 1088 961 1131 suae
983 1086 1053 1130 esse
1080 1072 1257 1152 receptum;
1290 1063 1353 1153 pri-

140 1197 230 1243 mum
263 1176 356 1264 igitur
383 1177 531 1265 hochnnp
561 1173 682 1242 Polona
714 1185 746 1242 et
777 1199 840 1244 non
863 1174 1013 1264 Scythica
1043 1195 1111 1239 vox
1143 1183 1207 1256 cst3
1241 1173 1352 1241 deiude

137 1285 317 1378 permulta
340 1285 469 1354 saecuia
491 1310 596 1354 sermo
619 1286 769 1366 Polonus,
793 1296 827 1352 ut
848 1286 897 1352 aiii
921 1308 1053 1376 magnas
1076 1282 1184 1351 habuit
1207 1305 1350 1351 commu-

136 1397 288 1478 tationes,
320 1397 362 1463 ita
389 1406 423 1463 ut
450 1396 640 1463 credendum
669 1398 724 1480 sit,
759 1395 949 1463 vocabulum
978 1397 1061 1486 quod
1090 1417 1175 1462 nunc
1201 1397 1351 1484 hoedum]

140 1509 316 1574 enuntietur
346 1506 434 1574 aliter
461 1508 595 1598 antiquis
622 1506 815 1598 temporibus
837 1508 995 1588 sonuissc3
1031 1506 1163 1596 denique
1191 1508 1348 1596 hochony,

139 1617 335 1710 partipicium
357 1618 433 1707 perf.
448 1638 531 1706 pass.
554 1619 676 1686 hochud
697 1618 794 1700 verbi,
809 1627 856 1683 est
871 1626 1015 1698 amatus,
1039 1621 1167 1684 amicus
1182 1627 1286 1683 autem
1302 1627 1351 1684 est

139 1727 328 1816 przpjaetet
360 1727 551 1811 (derivatum
584 1750 603 1793 a
635 1728 792 1815 sprnryy'ad
823 1727 935 1808 verbo,
970 1727 1053 1817 quod
1088 1726 1241 1816 significat
1270 1728 1353 1794 bene

134 1842 275 1929 cupere)
299 1846 331 1903 et
352 1834 467 1927 φίλιος
486 1838 732 1925 przyjociclshi.

225 1945 340 2038 Neque
361 1950 487 2015 nomina
508 1947 710 2037 Scytharum,
732 1969 815 2040 quae
836 1948 1034 2014 inToxaride
1055 1957 1355 2033 commemorantur,

132 2057 282 2126 videntur
303 2059 452 2147 Scythica
475 2082 554 2126 esse.
587 2060 692 2151 Atque
715 2061 754 2126 de
775 2057 964 2141 nominibus,
987 2082 1068 2148 quae
1090 2068 1164 2126 sunt
1179 2057 1353 2152 Γυνδάνης

133 2177 174 2236 et
194 2165 404 2260 Ἀδύρμαχος
425 2193 519 2261 supra
543 2172 586 2260 (p.
600 2171 651 2250 92,
663 2179 725 2235 not.
738 2172 770 2251 2)
799 2170 915 2236 dictum
938 2179 1002 2251 est3
1044 2169 1219 2237 Dandomis
1241 2181 1353 2240 autem

133 2277 251 2348 dudum
275 2291 323 2348 cst
344 2303 474 2362 nomen,
497 2281 687 2347 Arsucomas
711 2300 728 2344 a
745 2278 873 2347 Persico
890 2281 1007 2348 Arsace
1016 2281 1051 2365 ²),
1071 2282 1214 2348 Sisinnes
1237 2280 1353 2349 aPer·

139 2390 205 2458 sico
235 2389 337 2461 Sicine
368 2390 474 2458 fictum
508 2392 646 2474 videtum
686 2389 823 2457 similiter
856 2389 959 2457 addita
991 2419 1010 2458 ν
1040 2390 1140 2456 littera
1174 2413 1215 2457 ex
1249 2392 1351 2460 verbo

139 2499 343 2589 „nrauhqgr‘
370 2501 528 2586 (Macedo)
556 2501 590 2568 tir
617 2499 809 2590 Morinum
841 2497 1020 2591 Λογχάτης
1043 2523 1059 2566 a
1083 2499 1180 2566 verbo
1201 2498 1352 2593 ,,λόγχη“

130 2611 262 2679 'ridetur
280 2611 388 2678 fictum
411 2614 528 2697 esse⁸):
551 2610 590 2677 de
613 2613 724 2679 ceteris
745 2613 924 2680 nominihus
946 2610 1020 2678 nihil
1041 2611 1230 2700 investigare
1251 2616 1351 2703 potui.

130 2717 218 2787 -ttrud
240 2731 362 2789 tantum
384 2744 513 2804 moneo,
541 2745 603 2789 uon
625 2745 720 2812 posse
743 2722 925 2803 existimari,
951 2721 1079 2788 Persica
1101 2724 1225 2789 nomina
1249 2722 1351 2791 Sisin-

131 2850 197 2898 =nae
230 2841 326 2922 utque
351 2833 544 2899 Arsacomae
578 2834 661 2924 apud
690 2833 828 2922 Scythas
858 2835 973 2899 usitata
1007 2834 1104 2898 fuisse
1130 2855 1171 2898 ex
1200 2855 1237 2899 eo
1266 2843 1349 2900 tem·

136 2962 228 3032 pore,
262 2963 327 3033 quo
349 2964 483 3031 regnum
505 2941 674 3011 Persarum
697 2944 849 3009 tenuerint
871 2944 1092 3026 (osu-607);
1124 2964 1199 3009 nam
1224 2946 1345 3011 etiamsi

131 3053 302 3149 statuimus
326 3052 478 3142 Scythas,
510 3055 614 3144 quiin
637 3054 797 3145 Europam
819 3053 1033 3142 migraverint,
1061 3052 1249 3121 Cimmerios
1274 3079 1349 3146 per-

136 3171 264 3229 secutos
286 3164 316 3229 in
339 3166 447 3230 Asiam
471 3165 661 3256 pervenisse,
685 3164 795 3232 deinde
816 3165 991 3246 revertisse,
1013 3165 1204 3253 nominaque
1218 3164 1349 3234 Persica

135 3270 177 3338 ab
205 3274 248 3337 eis
281 3289 353 3339 curn
386 3275 416 3340 in
449 3273 524 3340 Asia
552 3286 657 3342 essent
691 3285 842 3367 usurpata
870 3298 955 3358 csse,
987 3283 1093 3341 tamen
1127 3297 1200 3342 cum
1234 3275 1351 3347 Gracci

128 3379 284 3450 hcrhnros
316 3406 413 3453 voces
442 3387 486 3451 ita
513 3395 636 3452 mutare
668 3387 822 3480 solerent,
856 3394 892 3451 ut
919 3408 976 3452 eae
1003 3385 1057 3450 vix
1090 3396 1350 3474 agnoscerentur,

128 3491 262 3583 fierique
283 3515 346 3561 non
368 3504 491 3585 posset,
520 3497 592 3586 quin
621 3497 716 3562 etiam
738 3495 880 3586 Scythae
908 3518 1005 3562 voces
1029 3494 1172 3561 Persicas
1200 3510 1350 3590 corrupte

129 3605 343 3688 enuntiarent,
372 3608 440 3696 quis
464 3605 591 3674 credere
612 3615 730 3697 potest,
758 3610 836 3675 miro
860 3605 999 3698 quodam
1022 3627 1098 3672 casu
1121 3607 1241 3673 iactum
1264 3632 1348 3691 esse,

128 3723 171 3780 ut
191 3716 283 3782 varie
311 3737 330 3782 a
360 3715 488 3782 Graecis
519 3725 549 3783 et
579 3715 708 3805 Scythis
736 3727 883 3809 corrupta
911 3716 1038 3784 Persica
1065 3715 1222 3784 vocabula
1250 3717 1349 3785 simil·

126 3821 209 3892 iima
231 3824 315 3892 sint?

209 4054 227 4124 ¹)
246 4061 335 4115 Beieri
353 4075 444 4128 opusc.
462 4059 503 4113 sd.
521 4060 600 4114 Klotz
617 4075 644 4128 p.
655 4059 715 4126 264,
734 4076 812 4128 quem
830 4061 920 4113 Iacob.
939 4063 1037 4114 attulit.

207 4147 226 4212 ²)
245 4149 294 4199 Est
311 4149 390 4200 etiam
409 4149 583 4200 Sarmaticum
600 4165 696 4200 nomen
713 4148 844 4211 Arsakas,
864 4150 895 4200 cf.
915 4149 1006 4202 Neum.
1026 4150 1045 4202 l.
1065 4167 1087 4203 a.
1104 4167 1130 4217 p.
1141 4148 1209 4214 1753
1236 4151 1347 4205 nomina

127 4234 273 4304 Scythica,
294 4253 368 4304 ques
390 4236 425 4289 ab
448 4251 478 4288 eo
503 4237 647 4290 efferuntur
669 4237 734 4288 satis
757 4236 790 4288 ab
815 4237 853 4288 sis
878 4237 1041 4306 discrepant,
1069 4255 1135 4306 quae
1157 4240 1186 4288 in
1211 4239 1347 4290 Toxerido

133 4329 245 4377 exstent.

208 4409 228 4477 ³)
252 4411 463 4479 Bosporanorum
485 4413 641 4467 hominunm
663 4412 771 4462 nomina
786 4414 904 4474 Mutata
927 4420 954 4467 et
970 4411 1117 4481 Mriorsrpor
1137 4429 1174 4464 cn
1199 4429 1254 4467 non
1279 4429 1347 4467 casu

134 4513 151 4550 ι
167 4499 278 4552 vocibus
296 4516 364 4567 ques
382 4504 445 4553 sunt
462 4493 561 4562 Μαζός
578 4505 605 4553 et
622 4493 740 4560 Μαστός
757 4501 818 4554 ficta
836 4502 1050 4558 mussitantur
1066 4499 1178 4562 dubium
1189 4501 1332 4565 :mihim
