<?xml version="1.0" encoding="UTF-8"?>
<!DOCTYPE html PUBLIC "-//W3C//DTD XHTML 1.0 Transitional//EN"
    "http://www.w3.org/TR/xhtml1/DTD/xhtml1-transitional.dtd">
<html xmlns="http://www.w3.org/1999/xhtml" xml:lang="en" lang="en">
 <head>
  <title>
</title>
<meta http-equiv="Content-Type" content="text/html;charset=utf-8" />
  <meta name='ocr-system' content='tesseract 3.04.00' />
  <meta name='ocr-capabilities' content='ocr_page ocr_carea ocr_par ocr_line ocrx_word'/>
</head>
<body>
  <div class='ocr_page' id='page_1' title='image "./desubditoquiint00guttgoog_0102.png"; bbox 0 0 2856 4906; ppageno 0'>
   <div class='ocr_carea' id='block_1_1' title="bbox 664 187 705 252">
    <p class='ocr_par' dir='ltr' id='par_1_1' title="bbox 664 187 705 252">
     <span class='ocr_line' id='line_1_1' title="bbox 664 187 705 252; baseline 0 0"><span class='ocrx_word' id='word_1_1' title='bbox 664 187 705 252; x_wconf 80' lang='lat'><strong>91</strong></span> 
     </span>
    </p>
   </div>
   <div class='ocr_carea' id='block_1_2' title="bbox 74 339 1308 3288">
    <p class='ocr_par' dir='ltr' id='par_1_2' title="bbox 74 339 1308 3288">
     <span class='ocr_line' id='line_1_2' title="bbox 87 339 1296 451; baseline -0.006 -22"><span class='ocrx_word' id='word_1_2' title='bbox 87 385 121 430; x_wconf 91' lang='lat' dir='ltr'><strong>re</strong></span> <span class='ocrx_word' id='word_1_3' title='bbox 135 371 295 451; x_wconf 91' lang='lat' dir='ltr'><strong>sequatur,</strong></span> <span class='ocrx_word' id='word_1_4' title='bbox 317 369 353 428; x_wconf 87' lang='lat' dir='ltr'><strong>ut</strong></span> <span class='ocrx_word' id='word_1_5' title='bbox 368 357 498 427; x_wconf 87' lang='lat' dir='ltr'><strong>Luciani</strong></span> <span class='ocrx_word' id='word_1_6' title='bbox 515 365 618 425; x_wconf 89' lang='lat' dir='ltr'><strong>aetate</strong></span> <span class='ocrx_word' id='word_1_7' title='bbox 632 354 798 424; x_wconf 84' lang='lat' dir='ltr'><strong>Leuconor</strong></span> <span class='ocrx_word' id='word_1_8' title='bbox 813 365 908 446; x_wconf 88' lang='lat' dir='ltr'><strong>atque</strong></span> <span class='ocrx_word' id='word_1_9' title='bbox 923 339 1078 421; x_wconf 83' lang='lat' dir='ltr'><strong>Euhiotus</strong></span> <span class='ocrx_word' id='word_1_10' title='bbox 1098 374 1161 422; x_wconf 93' lang='lat' dir='ltr'><strong>non</strong></span> <span class='ocrx_word' id='word_1_11' title='bbox 1183 375 1296 443; x_wconf 87' lang='lat' dir='ltr'><strong>regna·</strong></span> 
     </span>
     <span class='ocr_line' id='line_1_3' title="bbox 86 461 1297 559; baseline -0.007 -21"><span class='ocrx_word' id='word_1_12' title='bbox 86 473 196 540; x_wconf 90' lang='lat' dir='ltr'><strong>verint.</strong></span> <span class='ocrx_word' id='word_1_13' title='bbox 229 469 362 552; x_wconf 82' lang='lat' dir='ltr'>Deinde,</span> <span class='ocrx_word' id='word_1_14' title='bbox 385 471 532 559; x_wconf 90' lang='lat' dir='ltr'><strong>quoniam</strong></span> <span class='ocrx_word' id='word_1_15' title='bbox 556 468 622 534; x_wconf 90' lang='lat' dir='ltr'><strong>eius</strong></span> <span class='ocrx_word' id='word_1_16' title='bbox 645 468 795 557; x_wconf 87' lang='lat' dir='ltr'><strong>temporis</strong></span> <span class='ocrx_word' id='word_1_17' title='bbox 816 489 910 557; x_wconf 89' lang='lat' dir='ltr'><strong>reges</strong></span> <span class='ocrx_word' id='word_1_18' title='bbox 930 467 995 533; x_wconf 92' lang='lat' dir='ltr'><strong>noti</strong></span> <span class='ocrx_word' id='word_1_19' title='bbox 1018 474 1101 547; x_wconf 89' lang='lat' dir='ltr'><strong>sunt,</strong></span> <span class='ocrx_word' id='word_1_20' title='bbox 1124 464 1170 530; x_wconf 93' lang='lat' dir='ltr'><strong>vir</strong></span> <span class='ocrx_word' id='word_1_21' title='bbox 1191 461 1297 530; x_wconf 88' lang='lat' dir='ltr'><strong>claris-</strong></span> 
     </span>
     <span class='ocr_line' id='line_1_4' title="bbox 87 574 1298 671; baseline -0.008 -23"><span class='ocrx_word' id='word_1_22' title='bbox 87 585 187 649; x_wconf 82' lang='lat' dir='ltr'><strong>simus</strong></span> <span class='ocrx_word' id='word_1_23' title='bbox 210 591 347 648; x_wconf 90' lang='lat' dir='ltr'><strong>statuere</strong></span> <span class='ocrx_word' id='word_1_24' title='bbox 371 581 502 671; x_wconf 87' lang='lat' dir='ltr'><strong>cogitur,</strong></span> <span class='ocrx_word' id='word_1_25' title='bbox 524 578 741 646; x_wconf 83' lang='lat' dir='ltr'><strong>Leuconorern</strong></span> <span class='ocrx_word' id='word_1_26' title='bbox 764 586 859 668; x_wconf 89' lang='lat' dir='ltr'><strong>atque</strong></span> <span class='ocrx_word' id='word_1_27' title='bbox 881 574 1049 644; x_wconf 84' lang='lat' dir='ltr'><strong>Eubiotum</strong></span> <span class='ocrx_word' id='word_1_28' title='bbox 1064 575 1160 668; x_wconf 91' lang='lat' dir='ltr'><strong>partis</strong></span> <span class='ocrx_word' id='word_1_29' title='bbox 1178 581 1298 640; x_wconf 86' lang='lat' dir='ltr'><strong>tanturn</strong></span> 
     </span>
     <span class='ocr_line' id='line_1_5' title="bbox 85 681 1298 782; baseline -0.009 -22"><span class='ocrx_word' id='word_1_30' title='bbox 85 691 222 782; x_wconf 82' lang='lat' dir='ltr'><strong>Bospori</strong></span> <span class='ocrx_word' id='word_1_31' title='bbox 253 691 418 782; x_wconf 89' lang='lat' dir='ltr'><strong>imperium</strong></span> <span class='ocrx_word' id='word_1_32' title='bbox 451 691 603 771; x_wconf 89' lang='lat' dir='ltr'><strong>tenuisse,</strong></span> <span class='ocrx_word' id='word_1_33' title='bbox 635 697 820 778; x_wconf 85' lang='lat' dir='ltr'><strong>partemque</strong></span> <span class='ocrx_word' id='word_1_34' title='bbox 849 696 933 755; x_wconf 90' lang='lat' dir='ltr'><strong>certe</strong></span> <span class='ocrx_word' id='word_1_35' title='bbox 960 686 1217 778; x_wconf 79' lang='lat' dir='ltr'><strong>Bosporanorum</strong></span> <span class='ocrx_word' id='word_1_36' title='bbox 1244 681 1298 751; x_wconf 93' lang='lat' dir='ltr'><strong>illo</strong></span> 
     </span>
     <span class='ocr_line' id='line_1_6' title="bbox 87 796 1301 892; baseline -0.008 -22"><span class='ocrx_word' id='word_1_37' title='bbox 87 812 230 892; x_wconf 85' lang='lat' dir='ltr'><strong>tempore</strong></span> <span class='ocrx_word' id='word_1_38' title='bbox 246 799 373 891; x_wconf 87' lang='lat' dir='ltr'><strong>Scythis</strong></span> <span class='ocrx_word' id='word_1_39' title='bbox 397 800 548 866; x_wconf 88' lang='lat' dir='ltr'><strong>tributum</strong></span> <span class='ocrx_word' id='word_1_40' title='bbox 571 797 750 878; x_wconf 73' lang='lat' dir='ltr'><strong>contulisse,</strong></span> <span class='ocrx_word' id='word_1_41' title='bbox 774 821 847 865; x_wconf 93' lang='lat' dir='ltr'><strong>cum</strong></span> <span class='ocrx_word' id='word_1_42' title='bbox 870 807 1029 889; x_wconf 80' lang='lat' dir='ltr'>appareat,</span> <span class='ocrx_word' id='word_1_43' title='bbox 1051 819 1153 887; x_wconf 91' lang='lat' dir='ltr'><strong>neque</strong></span> <span class='ocrx_word' id='word_1_44' title='bbox 1169 796 1301 885; x_wconf 91' lang='lat' dir='ltr'><strong>scripto·</strong></span> 
     </span>
     <span class='ocr_line' id='line_1_7' title="bbox 87 904 1300 1003; baseline -0.006 -24"><span class='ocrx_word' id='word_1_45' title='bbox 87 935 154 979; x_wconf 90' lang='lat' dir='ltr'><strong>rem</strong></span> <span class='ocrx_word' id='word_1_46' title='bbox 177 911 216 980; x_wconf 92' lang='lat' dir='ltr'><strong>de</strong></span> <span class='ocrx_word' id='word_1_47' title='bbox 243 921 331 1003; x_wconf 87' lang='lat' dir='ltr'><strong>parte</strong></span> <span class='ocrx_word' id='word_1_48' title='bbox 353 910 489 1002; x_wconf 86' lang='lat' dir='ltr'><strong>Bospori</strong></span> <span class='ocrx_word' id='word_1_49' title='bbox 511 911 639 990; x_wconf 86' lang='lat' dir='ltr'><strong>referre,</strong></span> <span class='ocrx_word' id='word_1_50' title='bbox 666 931 769 1000; x_wconf 89' lang='lat' dir='ltr'><strong>neque</strong></span> <span class='ocrx_word' id='word_1_51' title='bbox 797 931 852 991; x_wconf 89' lang='lat' dir='ltr'><strong>ea,</strong></span> <span class='ocrx_word' id='word_1_52' title='bbox 880 929 961 997; x_wconf 90' lang='lat' dir='ltr'><strong>quae</strong></span> <span class='ocrx_word' id='word_1_53' title='bbox 988 916 1166 988; x_wconf 82' lang='lat' dir='ltr'>narrentur,</span> <span class='ocrx_word' id='word_1_54' title='bbox 1192 905 1251 973; x_wconf 90' lang='lat' dir='ltr'><strong>nisi</strong></span> <span class='ocrx_word' id='word_1_55' title='bbox 1267 904 1300 972; x_wconf 89' lang='lat' dir='ltr'><strong>in</strong></span> 
     </span>
     <span class='ocr_line' id='line_1_8' title="bbox 91 1016 1301 1112; baseline -0.006 -23"><span class='ocrx_word' id='word_1_56' title='bbox 91 1032 191 1089; x_wconf 91' lang='lat' dir='ltr'><strong>toturn</strong></span> <span class='ocrx_word' id='word_1_57' title='bbox 215 1043 348 1112; x_wconf 88' lang='lat' dir='ltr'><strong>regnum</strong></span> <span class='ocrx_word' id='word_1_58' title='bbox 371 1020 494 1089; x_wconf 91' lang='lat' dir='ltr'><strong>cadere.</strong></span> <span class='ocrx_word' id='word_1_59' title='bbox 532 1019 742 1087; x_wconf 86' lang='lat' dir='ltr'><strong>Statuendum</strong></span> <span class='ocrx_word' id='word_1_60' title='bbox 758 1019 851 1108; x_wconf 88' lang='lat' dir='ltr'><strong>igitur</strong></span> <span class='ocrx_word' id='word_1_61' title='bbox 865 1040 958 1108; x_wconf 88' lang='lat' dir='ltr'><strong>reges</strong></span> <span class='ocrx_word' id='word_1_62' title='bbox 973 1016 1191 1085; x_wconf 85' lang='lat' dir='ltr'><strong>Leucanorenr</strong></span> <span class='ocrx_word' id='word_1_63' title='bbox 1205 1025 1301 1106; x_wconf 88' lang='lat' dir='ltr'><strong>atque</strong></span> 
     </span>
     <span class='ocr_line' id='line_1_9' title="bbox 89 1124 1302 1219; baseline -0.002 -21"><span class='ocrx_word' id='word_1_64' title='bbox 89 1130 259 1198; x_wconf 84' lang='lat' dir='ltr'><strong>Eubiotum</strong></span> <span class='ocrx_word' id='word_1_65' title='bbox 281 1153 345 1198; x_wconf 94' lang='lat' dir='ltr'><strong>non</strong></span> <span class='ocrx_word' id='word_1_66' title='bbox 369 1131 471 1196; x_wconf 90' lang='lat' dir='ltr'><strong>minus</strong></span> <span class='ocrx_word' id='word_1_67' title='bbox 493 1131 583 1198; x_wconf 87' lang='lat' dir='ltr'><strong>[ictos</strong></span> <span class='ocrx_word' id='word_1_68' title='bbox 606 1150 789 1218; x_wconf 88' lang='lat' dir='ltr'><strong>essequam</strong></span> <span class='ocrx_word' id='word_1_69' title='bbox 810 1151 860 1196; x_wconf 90' lang='lat' dir='ltr'><strong>res</strong></span> <span class='ocrx_word' id='word_1_70' title='bbox 876 1130 915 1194; x_wconf 91' lang='lat' dir='ltr'><strong>ab</strong></span> <span class='ocrx_word' id='word_1_71' title='bbox 932 1130 975 1197; x_wconf 90' lang='lat' dir='ltr'><strong>eis</strong></span> <span class='ocrx_word' id='word_1_72' title='bbox 992 1137 1110 1219; x_wconf 90' lang='lat' dir='ltr'><strong>gestas,</strong></span> <span class='ocrx_word' id='word_1_73' title='bbox 1131 1124 1302 1196; x_wconf 85' lang='lat' dir='ltr'><strong>tenendum</strong></span> 
     </span>
     <span class='ocr_line' id='line_1_10' title="bbox 91 1235 1302 1331; baseline 0.002 -24"><span class='ocrx_word' id='word_1_74' title='bbox 91 1251 198 1308; x_wconf 89' lang='lat' dir='ltr'><strong>autern</strong></span> <span class='ocrx_word' id='word_1_75' title='bbox 222 1241 293 1322; x_wconf 91' lang='lat' dir='ltr'><strong>hoc,</strong></span> <span class='ocrx_word' id='word_1_76' title='bbox 315 1242 508 1331; x_wconf 74' lang='lat' dir='ltr'><strong>scriptorem,</strong></span> <span class='ocrx_word' id='word_1_77' title='bbox 532 1263 605 1308; x_wconf 91' lang='lat' dir='ltr'><strong>cum</strong></span> <span class='ocrx_word' id='word_1_78' title='bbox 627 1238 708 1306; x_wconf 88' lang='lat' dir='ltr'><strong>haec</strong></span> <span class='ocrx_word' id='word_1_79' title='bbox 730 1240 1027 1321; x_wconf 72' lang='lat' dir='ltr'><strong>comminisceretur,</strong></span> <span class='ocrx_word' id='word_1_80' title='bbox 1049 1238 1225 1328; x_wconf 82' lang='lat' dir='ltr'><strong>respexisse</strong></span> <span class='ocrx_word' id='word_1_81' title='bbox 1238 1235 1302 1319; x_wconf 83' lang='lat' dir='ltr'><strong>illa,</strong></span> 
     </span>
     <span class='ocr_line' id='line_1_11' title="bbox 92 1346 1302 1440; baseline -0.003 -23"><span class='ocrx_word' id='word_1_82' title='bbox 92 1373 175 1440; x_wconf 89' lang='lat' dir='ltr'><strong>quae</strong></span> <span class='ocrx_word' id='word_1_83' title='bbox 197 1350 237 1417; x_wconf 89' lang='lat' dir='ltr'><strong>dc</strong></span> <span class='ocrx_word' id='word_1_84' title='bbox 258 1351 373 1417; x_wconf 86' lang='lat' dir='ltr'><strong>tributo</strong></span> <span class='ocrx_word' id='word_1_85' title='bbox 392 1349 521 1439; x_wconf 88' lang='lat' dir='ltr'><strong>Scythis</strong></span> <span class='ocrx_word' id='word_1_86' title='bbox 545 1349 772 1439; x_wconf 88' lang='lat' dir='ltr'><strong>aBosporanis</strong></span> <span class='ocrx_word' id='word_1_87' title='bbox 795 1359 942 1416; x_wconf 90' lang='lat' dir='ltr'><strong>recusato</strong></span> <span class='ocrx_word' id='word_1_88' title='bbox 965 1348 1122 1417; x_wconf 89' lang='lat' dir='ltr'><strong>tradiderit</strong></span> <span class='ocrx_word' id='word_1_89' title='bbox 1141 1346 1254 1414; x_wconf 85' lang='lat' dir='ltr'><strong>Strabo</strong></span> <span class='ocrx_word' id='word_1_90' title='bbox 1266 1347 1302 1432; x_wconf 85' lang='lat'><strong>¹);</strong></span> 
     </span>
     <span class='ocr_line' id='line_1_12' title="bbox 90 1458 1303 1549; baseline -0.002 -22"><span class='ocrx_word' id='word_1_91' title='bbox 90 1481 173 1540; x_wconf 90' lang='lat' dir='ltr'><strong>narn,</strong></span> <span class='ocrx_word' id='word_1_92' title='bbox 197 1470 232 1527; x_wconf 91' lang='lat' dir='ltr'><strong>ut</strong></span> <span class='ocrx_word' id='word_1_93' title='bbox 252 1462 315 1527; x_wconf 88' lang='lat' dir='ltr'><strong>iam</strong></span> <span class='ocrx_word' id='word_1_94' title='bbox 339 1460 602 1541; x_wconf 90' lang='lat' dir='ltr'><strong>commemoravi,</strong></span> <span class='ocrx_word' id='word_1_95' title='bbox 625 1481 688 1525; x_wconf 92' lang='lat' dir='ltr'><strong>non</strong></span> <span class='ocrx_word' id='word_1_96' title='bbox 712 1480 836 1549; x_wconf 87' lang='lat' dir='ltr'><strong>semper</strong></span> <span class='ocrx_word' id='word_1_97' title='bbox 858 1481 945 1525; x_wconf 90' lang='lat' dir='ltr'><strong>mera</strong></span> <span class='ocrx_word' id='word_1_98' title='bbox 968 1469 1147 1528; x_wconf 88' lang='lat' dir='ltr'><strong>commenta</strong></span> <span class='ocrx_word' id='word_1_99' title='bbox 1170 1458 1303 1548; x_wconf 89' lang='lat' dir='ltr'><strong>scriptor</strong></span> 
     </span>
     <span class='ocr_line' id='line_1_13' title="bbox 90 1566 1301 1660; baseline -0.001 -24"><span class='ocrx_word' id='word_1_100' title='bbox 90 1571 215 1660; x_wconf 84' lang='lat' dir='ltr'><strong>profert,</strong></span> <span class='ocrx_word' id='word_1_101' title='bbox 238 1571 294 1636; x_wconf 90' lang='lat' dir='ltr'><strong>sed</strong></span> <span class='ocrx_word' id='word_1_102' title='bbox 316 1592 553 1660; x_wconf 84' lang='lat' dir='ltr'><strong>nonnumquam</strong></span> <span class='ocrx_word' id='word_1_103' title='bbox 570 1570 663 1636; x_wconf 89' lang='lat' dir='ltr'><strong>etiarn</strong></span> <span class='ocrx_word' id='word_1_104' title='bbox 679 1578 769 1651; x_wconf 92' lang='lat' dir='ltr'><strong>errat,</strong></span> <span class='ocrx_word' id='word_1_105' title='bbox 793 1577 847 1634; x_wconf 89' lang='lat' dir='ltr'><strong>aut</strong></span> <span class='ocrx_word' id='word_1_106' title='bbox 869 1591 915 1650; x_wconf 93' lang='lat' dir='ltr'><strong>ea,</strong></span> <span class='ocrx_word' id='word_1_107' title='bbox 939 1591 1021 1658; x_wconf 90' lang='lat' dir='ltr'><strong>quae</strong></span> <span class='ocrx_word' id='word_1_108' title='bbox 1043 1569 1082 1636; x_wconf 90' lang='lat' dir='ltr'><strong>ab</strong></span> <span class='ocrx_word' id='word_1_109' title='bbox 1106 1567 1172 1635; x_wconf 90' lang='lat' dir='ltr'><strong>aliis</strong></span> <span class='ocrx_word' id='word_1_110' title='bbox 1192 1566 1301 1635; x_wconf 88' lang='lat' dir='ltr'><strong>tradita</strong></span> 
     </span>
     <span class='ocr_line' id='line_1_14' title="bbox 90 1676 1302 1770; baseline -0.001 -25"><span class='ocrx_word' id='word_1_111' title='bbox 90 1689 176 1761; x_wconf 88' lang='lat' dir='ltr'><strong>sunt,</strong></span> <span class='ocrx_word' id='word_1_112' title='bbox 205 1679 377 1770; x_wconf 88' lang='lat' dir='ltr'><strong>detorquet.</strong></span> <span class='ocrx_word' id='word_1_113' title='bbox 428 1679 528 1747; x_wconf 91' lang='lat' dir='ltr'><strong>Cuius</strong></span> <span class='ocrx_word' id='word_1_114' title='bbox 554 1681 597 1747; x_wconf 90' lang='lat' dir='ltr'><strong>rei</strong></span> <span class='ocrx_word' id='word_1_115' title='bbox 624 1680 722 1745; x_wconf 91' lang='lat' dir='ltr'><strong>ineis</strong></span> <span class='ocrx_word' id='word_1_116' title='bbox 750 1701 831 1769; x_wconf 88' lang='lat' dir='ltr'><strong>quae</strong></span> <span class='ocrx_word' id='word_1_117' title='bbox 858 1677 898 1744; x_wconf 90' lang='lat' dir='ltr'><strong>de</strong></span> <span class='ocrx_word' id='word_1_118' title='bbox 925 1676 1088 1745; x_wconf 89' lang='lat' dir='ltr'><strong>Lonehate</strong></span> <span class='ocrx_word' id='word_1_119' title='bbox 1115 1687 1209 1768; x_wconf 91' lang='lat' dir='ltr'><strong>atque</strong></span> <span class='ocrx_word' id='word_1_120' title='bbox 1236 1679 1302 1745; x_wconf 90' lang='lat' dir='ltr'><strong>eius</strong></span> 
     </span>
     <span class='ocr_line' id='line_1_15' title="bbox 91 1787 1304 1880; baseline 0 -23"><span class='ocrx_word' id='word_1_121' title='bbox 91 1791 199 1857; x_wconf 90' lang='lat' dir='ltr'><strong>amicis</strong></span> <span class='ocrx_word' id='word_1_122' title='bbox 226 1800 390 1858; x_wconf 89' lang='lat' dir='ltr'><strong>narrantur</strong></span> <span class='ocrx_word' id='word_1_123' title='bbox 413 1813 509 1857; x_wconf 90' lang='lat' dir='ltr'><strong>unum</strong></span> <span class='ocrx_word' id='word_1_124' title='bbox 530 1791 652 1880; x_wconf 85' lang='lat' dir='ltr'><strong>insigne</strong></span> <span class='ocrx_word' id='word_1_125' title='bbox 674 1787 856 1879; x_wconf 86' lang='lat' dir='ltr'><strong>exemplum</strong></span> <span class='ocrx_word' id='word_1_126' title='bbox 879 1797 1014 1869; x_wconf 87' lang='lat' dir='ltr'><strong>certum,</strong></span> <span class='ocrx_word' id='word_1_127' title='bbox 1041 1787 1173 1856; x_wconf 90' lang='lat' dir='ltr'><strong>alterum</strong></span> <span class='ocrx_word' id='word_1_128' title='bbox 1195 1789 1304 1857; x_wconf 90' lang='lat' dir='ltr'><strong>verisi-</strong></span> 
     </span>
     <span class='ocr_line' id='line_1_16' title="bbox 91 1897 1304 1989; baseline -0.001 -22"><span class='ocrx_word' id='word_1_129' title='bbox 91 1900 164 1968; x_wconf 89' lang='lat' dir='ltr'><strong>mile</strong></span> <span class='ocrx_word' id='word_1_130' title='bbox 179 1899 345 1967; x_wconf 89' lang='lat' dir='ltr'><strong>habemus.</strong></span> <span class='ocrx_word' id='word_1_131' title='bbox 373 1900 530 1969; x_wconf 91' lang='lat' dir='ltr'><strong>Dicuntur</strong></span> <span class='ocrx_word' id='word_1_132' title='bbox 553 1901 635 1967; x_wconf 90' lang='lat' dir='ltr'><strong>enim</strong></span> <span class='ocrx_word' id='word_1_133' title='bbox 650 1898 741 1966; x_wconf 85' lang='lat' dir='ltr'><strong>Alani</strong></span> <span class='ocrx_word' id='word_1_134' title='bbox 758 1900 948 1989; x_wconf 86' lang='lat' dir='ltr'><strong>promisisse,</strong></span> <span class='ocrx_word' id='word_1_135' title='bbox 963 1922 999 1965; x_wconf 89' lang='lat' dir='ltr'><strong>se</strong></span> <span class='ocrx_word' id='word_1_136' title='bbox 1013 1900 1043 1967; x_wconf 92' lang='lat' dir='ltr'><strong>in</strong></span> <span class='ocrx_word' id='word_1_137' title='bbox 1060 1898 1205 1968; x_wconf 86' lang='lat' dir='ltr'><strong>ditionem</strong></span> <span class='ocrx_word' id='word_1_138' title='bbox 1222 1897 1304 1988; x_wconf 86' lang='lat' dir='ltr'><strong>Scy·</strong></span> 
     </span>
     <span class='ocr_line' id='line_1_17' title="bbox 93 2008 1305 2098; baseline -0.001 -21"><span class='ocrx_word' id='word_1_139' title='bbox 93 2009 218 2077; x_wconf 90' lang='lat' dir='ltr'><strong>tharum</strong></span> <span class='ocrx_word' id='word_1_140' title='bbox 241 2010 425 2077; x_wconf 88' lang='lat' dir='ltr'><strong>redacturos</strong></span> <span class='ocrx_word' id='word_1_141' title='bbox 448 2034 519 2078; x_wconf 87' lang='lat' dir='ltr'><strong>esse</strong></span> <span class='ocrx_word' id='word_1_142' title='bbox 536 2009 661 2090; x_wconf 86' lang='lat' dir='ltr'><strong>Sindos,</strong></span> <span class='ocrx_word' id='word_1_143' title='bbox 684 2011 736 2098; x_wconf 91' lang='lat' dir='ltr'><strong>qui</strong></span> <span class='ocrx_word' id='word_1_144' title='bbox 758 2008 858 2076; x_wconf 91' lang='lat' dir='ltr'><strong>rnulto</strong></span> <span class='ocrx_word' id='word_1_145' title='bbox 882 2019 954 2077; x_wconf 91' lang='lat' dir='ltr'><strong>ante</strong></span> <span class='ocrx_word' id='word_1_146' title='bbox 976 2008 1171 2076; x_wconf 86' lang='lat' dir='ltr'><strong>defecissent</strong></span> <span class='ocrx_word' id='word_1_147' title='bbox 1210 2008 1305 2094; x_wconf 83' lang='lat' dir='ltr'><strong>Quod</strong></span> 
     </span>
     <span class='ocr_line' id='line_1_18' title="bbox 92 2118 1304 2212; baseline 0.001 -26"><span class='ocrx_word' id='word_1_148' title='bbox 92 2122 187 2186; x_wconf 90' lang='lat' dir='ltr'><strong>miror</strong></span> <span class='ocrx_word' id='word_1_149' title='bbox 212 2118 411 2209; x_wconf 85' lang='lat' dir='ltr'><strong>neglegentia</strong></span> <span class='ocrx_word' id='word_1_150' title='bbox 433 2120 633 2212; x_wconf 89' lang='lat' dir='ltr'><strong>praeteritum</strong></span> <span class='ocrx_word' id='word_1_151' title='bbox 660 2141 730 2187; x_wconf 90' lang='lat' dir='ltr'><strong>esse</strong></span> <span class='ocrx_word' id='word_1_152' title='bbox 758 2119 796 2185; x_wconf 91' lang='lat' dir='ltr'><strong>ab</strong></span> <span class='ocrx_word' id='word_1_153' title='bbox 820 2119 998 2187; x_wconf 88' lang='lat' dir='ltr'><strong>hominibus</strong></span> <span class='ocrx_word' id='word_1_154' title='bbox 1021 2120 1136 2203; x_wconf 86' lang='lat' dir='ltr'><strong>doctis,</strong></span> <span class='ocrx_word' id='word_1_155' title='bbox 1163 2121 1216 2209; x_wconf 91' lang='lat' dir='ltr'><strong>qui</strong></span> <span class='ocrx_word' id='word_1_156' title='bbox 1238 2118 1304 2187; x_wconf 87' lang='lat' dir='ltr'><strong>To·</strong></span> 
     </span>
     <span class='ocr_line' id='line_1_19' title="bbox 93 2227 1305 2322; baseline 0.002 -28"><span class='ocrx_word' id='word_1_157' title='bbox 93 2229 207 2296; x_wconf 85' lang='lat' dir='ltr'><strong>xaridis</strong></span> <span class='ocrx_word' id='word_1_158' title='bbox 241 2231 425 2322; x_wconf 86' lang='lat' dir='ltr'><strong>scriptorem</strong></span> <span class='ocrx_word' id='word_1_159' title='bbox 457 2252 563 2297; x_wconf 92' lang='lat' dir='ltr'><strong>rerum</strong></span> <span class='ocrx_word' id='word_1_160' title='bbox 586 2227 809 2320; x_wconf 85' lang='lat' dir='ltr'><strong>Scythicarum</strong></span> <span class='ocrx_word' id='word_1_161' title='bbox 841 2231 1063 2321; x_wconf 88' lang='lat' dir='ltr'><strong>peritissimum</strong></span> <span class='ocrx_word' id='word_1_162' title='bbox 1095 2253 1166 2296; x_wconf 90' lang='lat' dir='ltr'><strong>esse</strong></span> <span class='ocrx_word' id='word_1_163' title='bbox 1200 2228 1305 2297; x_wconf 87' lang='lat' dir='ltr'><strong>existi·</strong></span> 
     </span>
     <span class='ocr_line' id='line_1_20' title="bbox 92 2337 1305 2430; baseline 0 -24"><span class='ocrx_word' id='word_1_164' title='bbox 92 2349 269 2407; x_wconf 87' lang='lat' dir='ltr'><strong>maverant.</strong></span> <span class='ocrx_word' id='word_1_165' title='bbox 306 2339 394 2407; x_wconf 90' lang='lat' dir='ltr'><strong>Sindi</strong></span> <span class='ocrx_word' id='word_1_166' title='bbox 415 2341 498 2408; x_wconf 90' lang='lat' dir='ltr'><strong>enirn</strong></span> <span class='ocrx_word' id='word_1_167' title='bbox 519 2342 583 2407; x_wconf 90' lang='lat' dir='ltr'><strong>iam</strong></span> <span class='ocrx_word' id='word_1_168' title='bbox 605 2349 717 2430; x_wconf 88' lang='lat' dir='ltr'><strong>quarto</strong></span> <span class='ocrx_word' id='word_1_169' title='bbox 738 2337 867 2407; x_wconf 90' lang='lat' dir='ltr'><strong>saeculo</strong></span> <span class='ocrx_word' id='word_1_170' title='bbox 884 2349 955 2407; x_wconf 89' lang='lat' dir='ltr'><strong>ante</strong></span> <span class='ocrx_word' id='word_1_171' title='bbox 971 2338 1085 2407; x_wconf 89' lang='lat' dir='ltr'><strong>Christ.</strong></span> <span class='ocrx_word' id='word_1_172' title='bbox 1100 2362 1129 2407; x_wconf 89' lang='lat' dir='ltr'><strong>rr.</strong></span> <span class='ocrx_word' id='word_1_173' title='bbox 1147 2361 1165 2407; x_wconf 93' lang='lat' dir='ltr'><strong>a</strong></span> <span class='ocrx_word' id='word_1_174' title='bbox 1181 2337 1305 2430; x_wconf 80' lang='lat' dir='ltr'><strong>Bospo-</strong></span> 
     </span>
     <span class='ocr_line' id='line_1_21' title="bbox 91 2448 1305 2542; baseline -0.003 -23"><span class='ocrx_word' id='word_1_175' title='bbox 91 2451 174 2519; x_wconf 88' lang='lat' dir='ltr'><strong>ranis</strong></span> <span class='ocrx_word' id='word_1_176' title='bbox 202 2449 326 2517; x_wconf 88' lang='lat' dir='ltr'><strong>subacti</strong></span> <span class='ocrx_word' id='word_1_177' title='bbox 354 2451 448 2517; x_wconf 88' lang='lat' dir='ltr'><strong>armis</strong></span> <span class='ocrx_word' id='word_1_178' title='bbox 478 2451 616 2537; x_wconf 80' lang='lat' dir='ltr'><strong>erant²),</strong></span> <span class='ocrx_word' id='word_1_179' title='bbox 642 2472 718 2516; x_wconf 90' lang='lat' dir='ltr'><strong>num</strong></span> <span class='ocrx_word' id='word_1_180' title='bbox 748 2472 824 2518; x_wconf 92' lang='lat' dir='ltr'><strong>vero</strong></span> <span class='ocrx_word' id='word_1_181' title='bbox 853 2450 979 2517; x_wconf 91' lang='lat' dir='ltr'><strong>omnino</strong></span> <span class='ocrx_word' id='word_1_182' title='bbox 1000 2471 1154 2542; x_wconf 90' lang='lat' dir='ltr'><strong>umquam</strong></span> <span class='ocrx_word' id='word_1_183' title='bbox 1176 2448 1305 2539; x_wconf 87' lang='lat' dir='ltr'><strong>Scythis</strong></span> 
     </span>
     <span class='ocr_line' id='line_1_22' title="bbox 93 2557 1306 2644; baseline 0 -18"><span class='ocrx_word' id='word_1_184' title='bbox 93 2560 218 2628; x_wconf 86' lang='lat' dir='ltr'><strong>obnoxii</strong></span> <span class='ocrx_word' id='word_1_185' title='bbox 240 2561 363 2642; x_wconf 83' lang='lat' dir='ltr'><strong>fuerint,</strong></span> <span class='ocrx_word' id='word_1_186' title='bbox 384 2559 478 2628; x_wconf 91' lang='lat' dir='ltr'><strong>valde</strong></span> <span class='ocrx_word' id='word_1_187' title='bbox 501 2560 707 2627; x_wconf 90' lang='lat' dir='ltr'><strong>dubitandum</strong></span> <span class='ocrx_word' id='word_1_188' title='bbox 729 2570 786 2628; x_wconf 88' lang='lat' dir='ltr'><strong>est.</strong></span> <span class='ocrx_word' id='word_1_189' title='bbox 826 2560 1026 2628; x_wconf 88' lang='lat' dir='ltr'><strong>lllanilestum</strong></span> <span class='ocrx_word' id='word_1_190' title='bbox 1050 2570 1157 2628; x_wconf 91' lang='lat' dir='ltr'><strong>autem</strong></span> <span class='ocrx_word' id='word_1_191' title='bbox 1179 2568 1235 2642; x_wconf 89' lang='lat' dir='ltr'><strong>est,</strong></span> <span class='ocrx_word' id='word_1_192' title='bbox 1257 2557 1306 2644; x_wconf 90' lang='lat' dir='ltr'><strong>his</strong></span> 
     </span>
     <span class='ocr_line' id='line_1_23' title="bbox 92 2665 1304 2760; baseline 0 -22"><span class='ocrx_word' id='word_1_193' title='bbox 92 2669 244 2738; x_wconf 88' lang='lat' dir='ltr'><strong>Herodoti</strong></span> <span class='ocrx_word' id='word_1_194' title='bbox 266 2668 369 2736; x_wconf 87' lang='lat' dir='ltr'><strong>verbis</strong></span> <span class='ocrx_word' id='word_1_195' title='bbox 393 2668 458 2755; x_wconf 88' lang='lat' dir='ltr'><strong>(lV,</strong></span> <span class='ocrx_word' id='word_1_196' title='bbox 481 2671 548 2753; x_wconf 75' lang='lat' dir='ltr'><strong>28t:</strong></span> <span class='ocrx_word' id='word_1_197' title='bbox 572 2666 738 2759; x_wconf 76' lang='grc' dir='ltr'><strong><em>πήγνυται</em></strong></span> <span class='ocrx_word' id='word_1_198' title='bbox 760 2670 816 2739; x_wconf 81' lang='grc' dir='ltr'><strong>καὶ</strong></span> <span class='ocrx_word' id='word_1_199' title='bbox 839 2665 857 2740; x_wconf 86' lang='lat' dir='ltr'><strong>d</strong></span> <span class='ocrx_word' id='word_1_200' title='bbox 880 2666 1061 2760; x_wconf 82' lang='grc' dir='ltr'><em>Βόσπορος</em></span> <span class='ocrx_word' id='word_1_201' title='bbox 1083 2675 1152 2751; x_wconf 71' lang='lat' dir='ltr'><strong>ruric</strong></span> <span class='ocrx_word' id='word_1_202' title='bbox 1174 2665 1193 2738; x_wconf 85' lang='lat' dir='ltr'><strong>d</strong></span> <span class='ocrx_word' id='word_1_203' title='bbox 1214 2677 1304 2756; x_wconf 79' lang='grc' dir='ltr'>Κιμ-</span> 
     </span>
     <span class='ocr_line' id='line_1_24' title="bbox 74 2778 1307 2873; baseline -0.001 -21"><span class='ocrx_word' id='word_1_204' title='bbox 74 2780 211 2871; x_wconf 42' lang='grc' dir='ltr'><strong>,μέριος</strong></span> <span class='ocrx_word' id='word_1_205' title='bbox 240 2779 298 2847; x_wconf 81' lang='grc' dir='ltr'><strong>καὶ</strong></span> <span class='ocrx_word' id='word_1_206' title='bbox 325 2779 466 2848; x_wconf 71' lang='lat' dir='ltr'><strong>dulcori</strong></span> <span class='ocrx_word' id='word_1_207' title='bbox 488 2779 694 2871; x_wconf 81' lang='grc' dir='ltr'><strong><em>κρυστάλλου</em></strong></span> <span class='ocrx_word' id='word_1_208' title='bbox 717 2779 750 2849; x_wconf 81' lang='lat' dir='ltr'><strong>oi</strong></span> <span class='ocrx_word' id='word_1_209' title='bbox 772 2781 864 2863; x_wconf 78' lang='grc' dir='ltr'><strong><em>ἐντὸς</em></strong></span> <span class='ocrx_word' id='word_1_210' title='bbox 885 2778 1016 2873; x_wconf 80' lang='grc' dir='ltr'><em>τάφρου</em></span> <span class='ocrx_word' id='word_1_211' title='bbox 1037 2778 1173 2851; x_wconf 77' lang='grc' dir='ltr'><strong><em>Σκύθαι</em></strong></span> <span class='ocrx_word' id='word_1_212' title='bbox 1194 2806 1307 2851; x_wconf 78' lang='lat' dir='ltr'><strong>acrot-</strong></span> 
     </span>
     <span class='ocr_line' id='line_1_25' title="bbox 93 2886 1307 2986; baseline 0.002 -26"><span class='ocrx_word' id='word_1_213' title='bbox 93 2891 230 2982; x_wconf 80' lang='grc' dir='ltr'><strong><em>κημένοτ</em></strong></span> <span class='ocrx_word' id='word_1_214' title='bbox 252 2886 490 2981; x_wconf 78' lang='grc' dir='ltr'><strong><em>στρατεύονται</em></strong></span> <span class='ocrx_word' id='word_1_215' title='bbox 511 2893 569 2961; x_wconf 77' lang='lat' dir='ltr'><strong>ieci</strong></span> <span class='ocrx_word' id='word_1_216' title='bbox 589 2892 650 2974; x_wconf 77' lang='grc' dir='ltr'><strong>τὰς</strong></span> <span class='ocrx_word' id='word_1_217' title='bbox 671 2887 804 2977; x_wconf 80' lang='grc' dir='ltr'><strong><em>ἁμάξας</em></strong></span> <span class='ocrx_word' id='word_1_218' title='bbox 822 2888 1047 2962; x_wconf 76' lang='grc' dir='ltr'><strong><em>ἐπελαύνουσι</em></strong></span> <span class='ocrx_word' id='word_1_219' title='bbox 1061 2892 1165 2986; x_wconf 80' lang='grc' dir='ltr'><em>πέρην</em></span> <span class='ocrx_word' id='word_1_220' title='bbox 1180 2893 1214 2972; x_wconf 77' lang='grc' dir='ltr'><strong>ἐς</strong></span> <span class='ocrx_word' id='word_1_221' title='bbox 1228 2892 1307 2974; x_wconf 77' lang='grc' dir='ltr'><strong>τούς</strong></span> 
     </span>
     <span class='ocr_line' id='line_1_26' title="bbox 93 3001 1308 3092; baseline -0.002 -20"><span class='ocrx_word' id='word_1_222' title='bbox 93 3001 237 3082; x_wconf 58' lang='lat' dir='ltr'><strong>§ardoris</strong></span> <span class='ocrx_word' id='word_1_223' title='bbox 259 3003 443 3092; x_wconf 87' lang='lat' dir='ltr'><strong>scriptorem</strong></span> <span class='ocrx_word' id='word_1_224' title='bbox 467 3011 521 3068; x_wconf 92' lang='lat' dir='ltr'><strong>aut</strong></span> <span class='ocrx_word' id='word_1_225' title='bbox 541 3004 572 3069; x_wconf 92' lang='lat' dir='ltr'><strong>in</strong></span> <span class='ocrx_word' id='word_1_226' title='bbox 596 3024 732 3068; x_wconf 87' lang='lat' dir='ltr'><strong>errorem</strong></span> <span class='ocrx_word' id='word_1_227' title='bbox 755 3002 917 3069; x_wconf 89' lang='lat' dir='ltr'><strong>inductum</strong></span> <span class='ocrx_word' id='word_1_228' title='bbox 940 3026 1019 3085; x_wconf 90' lang='lat' dir='ltr'><strong>esse,</strong></span> <span class='ocrx_word' id='word_1_229' title='bbox 1043 3012 1098 3068; x_wconf 89' lang='lat' dir='ltr'><strong>aut</strong></span> <span class='ocrx_word' id='word_1_230' title='bbox 1119 3004 1149 3068; x_wconf 93' lang='lat' dir='ltr'><strong>in</strong></span> <span class='ocrx_word' id='word_1_231' title='bbox 1166 3025 1237 3068; x_wconf 89' lang='lat' dir='ltr'><strong>earn</strong></span> <span class='ocrx_word' id='word_1_232' title='bbox 1252 3024 1308 3070; x_wconf 91' lang='lat' dir='ltr'><strong>co-</strong></span> 
     </span>
     <span class='ocr_line' id='line_1_27' title="bbox 95 3111 1307 3203; baseline 0.002 -25"><span class='ocrx_word' id='word_1_233' title='bbox 95 3113 278 3203; x_wconf 91' lang='lat' dir='ltr'><strong>gitationem</strong></span> <span class='ocrx_word' id='word_1_234' title='bbox 307 3112 495 3194; x_wconf 89' lang='lat' dir='ltr'><strong>adductum,</strong></span> <span class='ocrx_word' id='word_1_235' title='bbox 520 3121 556 3179; x_wconf 93' lang='lat' dir='ltr'><strong>ut</strong></span> <span class='ocrx_word' id='word_1_236' title='bbox 585 3115 623 3178; x_wconf 93' lang='lat' dir='ltr'><strong>de</strong></span> <span class='ocrx_word' id='word_1_237' title='bbox 646 3111 751 3179; x_wconf 88' lang='lat' dir='ltr'><strong>Sindis</strong></span> <span class='ocrx_word' id='word_1_238' title='bbox 778 3111 958 3202; x_wconf 90' lang='lat' dir='ltr'><strong>subigendis</strong></span> <span class='ocrx_word' id='word_1_239' title='bbox 982 3111 1100 3178; x_wconf 89' lang='lat' dir='ltr'><strong>Alanos</strong></span> <span class='ocrx_word' id='word_1_240' title='bbox 1123 3111 1307 3202; x_wconf 87' lang='lat' dir='ltr'><strong>pollicentes</strong></span> 
     </span>
     <span class='ocr_line' id='line_1_28' title="bbox 96 3222 224 3288; baseline 0.008 -3"><span class='ocrx_word' id='word_1_241' title='bbox 96 3222 224 3288; x_wconf 86' lang='lat' dir='ltr'><strong>laceret.</strong></span> 
     </span>
    </p>
   </div>
   <div class='ocr_carea' id='block_1_3' title="bbox 93 3329 1308 3526">
    <p class='ocr_par' dir='ltr' id='par_1_3' title="bbox 93 3329 1308 3526">
     <span class='ocr_line' id='line_1_29' title="bbox 182 3329 1306 3423; baseline 0.007 -27"><span class='ocrx_word' id='word_1_242' title='bbox 182 3329 239 3397; x_wconf 91' lang='lat' dir='ltr'><strong>His</strong></span> <span class='ocrx_word' id='word_1_243' title='bbox 262 3332 410 3422; x_wconf 85' lang='lat' dir='ltr'><strong>expositis</strong></span> <span class='ocrx_word' id='word_1_244' title='bbox 430 3330 628 3399; x_wconf 88' lang='lat' dir='ltr'><strong>verisimilius</strong></span> <span class='ocrx_word' id='word_1_245' title='bbox 651 3334 717 3399; x_wconf 88' lang='lat' dir='ltr'><strong>iore</strong></span> <span class='ocrx_word' id='word_1_246' title='bbox 740 3331 833 3398; x_wconf 92' lang='lat' dir='ltr'><strong>credo</strong></span> <span class='ocrx_word' id='word_1_247' title='bbox 855 3331 895 3415; x_wconf 89' lang='lat' dir='ltr'><strong>id,</strong></span> <span class='ocrx_word' id='word_1_248' title='bbox 920 3332 1004 3423; x_wconf 93' lang='lat' dir='ltr'><strong>quod</strong></span> <span class='ocrx_word' id='word_1_249' title='bbox 1027 3335 1202 3402; x_wconf 90' lang='lat' dir='ltr'><strong>moniturus</strong></span> <span class='ocrx_word' id='word_1_250' title='bbox 1225 3358 1306 3404; x_wconf 89' lang='lat' dir='ltr'><strong>sum.</strong></span> 
     </span>
     <span class='ocr_line' id='line_1_30' title="bbox 93 3440 1308 3526; baseline 0.004 -17"><span class='ocrx_word' id='word_1_251' title='bbox 93 3440 290 3509; x_wconf 86' lang='lat' dir='ltr'><strong>Persuasum</strong></span> <span class='ocrx_word' id='word_1_252' title='bbox 313 3442 395 3507; x_wconf 92' lang='lat' dir='ltr'><strong>enim</strong></span> <span class='ocrx_word' id='word_1_253' title='bbox 417 3443 492 3508; x_wconf 90' lang='lat' dir='ltr'><strong>mihi</strong></span> <span class='ocrx_word' id='word_1_254' title='bbox 515 3451 571 3526; x_wconf 86' lang='lat' dir='ltr'><strong>est,</strong></span> <span class='ocrx_word' id='word_1_255' title='bbox 595 3451 631 3508; x_wconf 87' lang='lat' dir='ltr'><strong>ut</strong></span> <span class='ocrx_word' id='word_1_256' title='bbox 645 3441 849 3510; x_wconf 86' lang='lat' dir='ltr'><strong>Machelones</strong></span> <span class='ocrx_word' id='word_1_257' title='bbox 872 3465 912 3509; x_wconf 87' lang='lat' dir='ltr'><strong>ex</strong></span> <span class='ocrx_word' id='word_1_258' title='bbox 935 3442 1009 3510; x_wconf 92' lang='lat' dir='ltr'><strong>sede</strong></span> <span class='ocrx_word' id='word_1_259' title='bbox 1033 3466 1143 3512; x_wconf 87' lang='lat' dir='ltr'><strong>eorum</strong></span> <span class='ocrx_word' id='word_1_260' title='bbox 1159 3447 1190 3512; x_wconf 92' lang='lat' dir='ltr'><strong>in</strong></span> <span class='ocrx_word' id='word_1_261' title='bbox 1206 3443 1308 3514; x_wconf 80' lang='lat' dir='ltr'><strong>Euro-</strong></span> 
     </span>
    </p>
   </div>
   <div class='ocr_carea' id='block_1_4' title="bbox 93 3693 1309 3944">
    <p class='ocr_par' dir='ltr' id='par_1_4' title="bbox 93 3693 1309 3944">
     <span class='ocr_line' id='line_1_31' title="bbox 94 3693 1309 3764; baseline 0.007 -18"><span class='ocrx_word' id='word_1_262' title='bbox 94 3709 219 3747; x_wconf 83' lang='lat' dir='ltr'><strong>sonesum</strong></span> <span class='ocrx_word' id='word_1_263' title='bbox 237 3693 378 3745; x_wconf 78' lang='lat' dir='ltr'><strong>Tauricam</strong></span> <span class='ocrx_word' id='word_1_264' title='bbox 399 3698 551 3758; x_wconf 86' lang='lat' dir='ltr'><strong>penetrasse</strong></span> <span class='ocrx_word' id='word_1_265' title='bbox 573 3694 733 3760; x_wconf 84' lang='lat' dir='ltr'><strong>accipimus,</strong></span> <span class='ocrx_word' id='word_1_266' title='bbox 757 3700 819 3746; x_wconf 88' lang='lat' dir='ltr'><strong>sunt</strong></span> <span class='ocrx_word' id='word_1_267' title='bbox 842 3695 914 3746; x_wconf 87' lang='lat' dir='ltr'><strong>tertii</strong></span> <span class='ocrx_word' id='word_1_268' title='bbox 936 3695 1047 3747; x_wconf 83' lang='lat' dir='ltr'><strong>extremi</strong></span> <span class='ocrx_word' id='word_1_269' title='bbox 1070 3701 1117 3746; x_wconf 86' lang='lat' dir='ltr'><strong>aut</strong></span> <span class='ocrx_word' id='word_1_270' title='bbox 1140 3702 1228 3764; x_wconf 84' lang='lat' dir='ltr'><strong>quarti</strong></span> <span class='ocrx_word' id='word_1_271' title='bbox 1252 3716 1309 3754; x_wconf 84' lang='lat' dir='ltr'><strong>aaa·</strong></span> 
     </span>
     <span class='ocr_line' id='line_1_32' title="bbox 95 3780 1309 3850; baseline 0.008 -18"><span class='ocrx_word' id='word_1_272' title='bbox 95 3782 150 3834; x_wconf 88' lang='lat' dir='ltr'><strong>culi</strong></span> <span class='ocrx_word' id='word_1_273' title='bbox 173 3786 303 3834; x_wconf 86' lang='lat' dir='ltr'><strong>auctores.</strong></span> <span class='ocrx_word' id='word_1_274' title='bbox 347 3780 387 3831; x_wconf 86' lang='lat' dir='ltr'><strong>cf.</strong></span> <span class='ocrx_word' id='word_1_275' title='bbox 411 3796 535 3846; x_wconf 86' lang='lat' dir='ltr'><strong>anonym.</strong></span> <span class='ocrx_word' id='word_1_276' title='bbox 559 3782 654 3848; x_wconf 86' lang='lat' dir='ltr'><strong>peripl.</strong></span> <span class='ocrx_word' id='word_1_277' title='bbox 677 3783 755 3834; x_wconf 88' lang='lat' dir='ltr'><strong>Pont.</strong></span> <span class='ocrx_word' id='word_1_278' title='bbox 779 3783 847 3834; x_wconf 86' lang='lat' dir='ltr'><strong>Eux.</strong></span> <span class='ocrx_word' id='word_1_279' title='bbox 867 3780 920 3849; x_wconf 83' lang='lat' dir='ltr'><strong>p.5</strong></span> <span class='ocrx_word' id='word_1_280' title='bbox 942 3782 1043 3848; x_wconf 89' lang='lat' dir='ltr'><strong>(Huds.</strong></span> <span class='ocrx_word' id='word_1_281' title='bbox 1061 3799 1087 3850; x_wconf 85' lang='lat' dir='ltr'><strong>p.</strong></span> <span class='ocrx_word' id='word_1_282' title='bbox 1098 3783 1149 3838; x_wconf 77' lang='lat'><strong>171</strong></span> <span class='ocrx_word' id='word_1_283' title='bbox 1173 3787 1244 3840; x_wconf 89' lang='lat' dir='ltr'><strong>circa</strong></span> <span class='ocrx_word' id='word_1_284' title='bbox 1262 3789 1309 3842; x_wconf 76' lang='grc' dir='ltr'><strong>Π.</strong></span> 
     </span>
     <span class='ocr_line' id='line_1_33' title="bbox 93 3867 1308 3944; baseline 0.005 -22"><span class='ocrx_word' id='word_1_285' title='bbox 93 3870 194 3922; x_wconf 81' lang='lat' dir='ltr'><strong>saecul.</strong></span> <span class='ocrx_word' id='word_1_286' title='bbox 208 3886 234 3936; x_wconf 91' lang='lat' dir='ltr'><strong>p.</strong></span> <span class='ocrx_word' id='word_1_287' title='bbox 249 3869 346 3920; x_wconf 87' lang='lat' dir='ltr'><strong>Christ.</strong></span> <span class='ocrx_word' id='word_1_288' title='bbox 364 3885 392 3919; x_wconf 90' lang='lat' dir='ltr'><strong>n.</strong></span> <span class='ocrx_word' id='word_1_289' title='bbox 410 3883 470 3918; x_wconf 89' lang='lat' dir='ltr'><strong>eum</strong></span> <span class='ocrx_word' id='word_1_290' title='bbox 487 3868 571 3920; x_wconf 81' lang='lat' dir='ltr'><strong>fuisse</strong></span> <span class='ocrx_word' id='word_1_291' title='bbox 588 3867 768 3933; x_wconf 85' lang='lat' dir='ltr'><strong>demonstrat).</strong></span> <span class='ocrx_word' id='word_1_292' title='bbox 803 3869 930 3922; x_wconf 82' lang='lat' dir='ltr'><strong>Marcion.</strong></span> <span class='ocrx_word' id='word_1_293' title='bbox 945 3871 1002 3936; x_wconf 88' lang='lat' dir='ltr'><strong>(qui</strong></span> <span class='ocrx_word' id='word_1_294' title='bbox 1020 3877 1105 3938; x_wconf 85' lang='lat' dir='ltr'><strong>quart.</strong></span> <span class='ocrx_word' id='word_1_295' title='bbox 1125 3875 1222 3926; x_wconf 87' lang='lat' dir='ltr'><strong>saecul.</strong></span> <span class='ocrx_word' id='word_1_296' title='bbox 1243 3879 1308 3944; x_wconf 88' lang='lat' dir='ltr'><strong>erat)</strong></span> 
     </span>
    </p>
   </div>
   <div class='ocr_carea' id='block_1_5' title="bbox 93 3954 1310 4111">
    <p class='ocr_par' dir='ltr' id='par_1_5' title="bbox 93 3954 1310 4111">
     <span class='ocr_line' id='line_1_34' title="bbox 93 3954 1310 4030; baseline 0.006 -20"><span class='ocrx_word' id='word_1_297' title='bbox 93 3974 121 4025; x_wconf 93' lang='lat' dir='ltr'><strong>p.</strong></span> <span class='ocrx_word' id='word_1_298' title='bbox 137 3955 172 4012; x_wconf 81' lang='lat'><strong>56</strong></span> <span class='ocrx_word' id='word_1_299' title='bbox 193 3957 233 4008; x_wconf 84' lang='lat' dir='ltr'><strong>ed.</strong></span> <span class='ocrx_word' id='word_1_300' title='bbox 247 3957 334 4009; x_wconf 87' lang='lat' dir='ltr'><strong>Huds.</strong></span> <span class='ocrx_word' id='word_1_301' title='bbox 370 3954 525 4021; x_wconf 83' lang='lat' dir='ltr'><strong>Bernhardy</strong></span> <span class='ocrx_word' id='word_1_302' title='bbox 536 3955 649 4022; x_wconf 85' lang='lat' dir='ltr'><strong>Dionys.</strong></span> <span class='ocrx_word' id='word_1_303' title='bbox 667 3956 770 4023; x_wconf 83' lang='lat' dir='ltr'><strong>Porieg.</strong></span> <span class='ocrx_word' id='word_1_304' title='bbox 788 3971 814 4022; x_wconf 93' lang='lat' dir='ltr'><strong>p.</strong></span> <span class='ocrx_word' id='word_1_305' title='bbox 825 3954 974 4023; x_wconf 74' lang='lat' dir='ltr'><strong>seo-596,</strong></span> <span class='ocrx_word' id='word_1_306' title='bbox 994 3959 1026 4011; x_wconf 82' lang='lat' dir='ltr'><strong>cf.</strong></span> <span class='ocrx_word' id='word_1_307' title='bbox 1039 3974 1067 4025; x_wconf 92' lang='lat' dir='ltr'><strong>p.</strong></span> <span class='ocrx_word' id='word_1_308' title='bbox 1076 3956 1139 4025; x_wconf 76' lang='lat'><strong>515,</strong></span> <span class='ocrx_word' id='word_1_309' title='bbox 1156 3965 1182 4011; x_wconf 87' lang='lat' dir='ltr'><strong>ot</strong></span> <span class='ocrx_word' id='word_1_310' title='bbox 1200 3962 1310 4030; x_wconf 83' lang='lat' dir='ltr'><strong>scripto·</strong></span> 
     </span>
     <span class='ocr_line' id='line_1_35' title="bbox 93 4043 934 4111; baseline 0 -13"><span class='ocrx_word' id='word_1_311' title='bbox 93 4061 137 4098; x_wconf 85' lang='lat' dir='ltr'><strong>res</strong></span> <span class='ocrx_word' id='word_1_312' title='bbox 155 4045 190 4098; x_wconf 82' lang='lat' dir='ltr'><strong>ab</strong></span> <span class='ocrx_word' id='word_1_313' title='bbox 209 4061 240 4096; x_wconf 92' lang='lat' dir='ltr'><strong>eo</strong></span> <span class='ocrx_word' id='word_1_314' title='bbox 258 4043 383 4111; x_wconf 87' lang='lat' dir='ltr'><strong>prolatos.</strong></span> <span class='ocrx_word' id='word_1_315' title='bbox 420 4043 568 4097; x_wconf 82' lang='lat' dir='ltr'><strong>Taschuck.</strong></span> <span class='ocrx_word' id='word_1_316' title='bbox 588 4043 621 4094; x_wconf 90' lang='lat' dir='ltr'><strong>ad</strong></span> <span class='ocrx_word' id='word_1_317' title='bbox 638 4043 729 4109; x_wconf 86' lang='lat' dir='ltr'><strong>Pomp.</strong></span> <span class='ocrx_word' id='word_1_318' title='bbox 747 4043 809 4095; x_wconf 89' lang='lat' dir='ltr'><strong>Mel.</strong></span> <span class='ocrx_word' id='word_1_319' title='bbox 828 4043 934 4109; x_wconf 77' lang='lat'><strong>2,1‚2.</strong></span> 
     </span>
    </p>
   </div>
   <div class='ocr_carea' id='block_1_6' title="bbox 169 4151 984 4223">
    <p class='ocr_par' dir='ltr' id='par_1_6' title="bbox 169 4151 984 4223">
     <span class='ocr_line' id='line_1_36' title="bbox 169 4151 984 4223; baseline -0.004 -15"><span class='ocrx_word' id='word_1_320' title='bbox 169 4152 188 4221; x_wconf 88' lang='grc'><strong>1)</strong></span> <span class='ocrx_word' id='word_1_321' title='bbox 208 4154 302 4208; x_wconf 83' lang='lat' dir='ltr'><strong>Strabo</strong></span> <span class='ocrx_word' id='word_1_322' title='bbox 321 4151 454 4218; x_wconf 79' lang='lat' dir='ltr'><strong>vl1,4,4,</strong></span> <span class='ocrx_word' id='word_1_323' title='bbox 468 4170 492 4220; x_wconf 91' lang='lat' dir='ltr'><strong>p.</strong></span> <span class='ocrx_word' id='word_1_324' title='bbox 503 4153 556 4208; x_wconf 82' lang='lat'><strong>310</strong></span> <span class='ocrx_word' id='word_1_325' title='bbox 576 4157 675 4222; x_wconf 86' lang='lat' dir='ltr'><strong>(Kram.</strong></span> <span class='ocrx_word' id='word_1_326' title='bbox 694 4157 727 4220; x_wconf 91' lang='grc' dir='ltr'><strong>ΙΙ,</strong></span> <span class='ocrx_word' id='word_1_327' title='bbox 741 4172 767 4223; x_wconf 92' lang='lat' dir='ltr'><strong>p.</strong></span> <span class='ocrx_word' id='word_1_328' title='bbox 777 4155 821 4220; x_wconf 87' lang='lat'><strong>38,</strong></span> <span class='ocrx_word' id='word_1_329' title='bbox 840 4172 867 4208; x_wconf 86' lang='lat' dir='ltr'><strong>v.</strong></span> <span class='ocrx_word' id='word_1_330' title='bbox 878 4153 984 4221; x_wconf 80' lang='lat'><strong>9-13).</strong></span> 
     </span>
    </p>
   </div>
   <div class='ocr_carea' id='block_1_7' title="bbox 96 4263 1309 4426">
    <p class='ocr_par' dir='ltr' id='par_1_7' title="bbox 96 4263 1309 4426">
     <span class='ocr_line' id='line_1_37' title="bbox 168 4263 1309 4334; baseline 0.007 -14"><span class='ocrx_word' id='word_1_331' title='bbox 168 4267 188 4332; x_wconf 85' lang='lat'><strong>²)</strong></span> <span class='ocrx_word' id='word_1_332' title='bbox 206 4267 308 4320; x_wconf 80' lang='lat' dir='ltr'><strong>Rdmel.</strong></span> <span class='ocrx_word' id='word_1_333' title='bbox 328 4267 346 4317; x_wconf 91' lang='lat' dir='ltr'><strong>l.</strong></span> <span class='ocrx_word' id='word_1_334' title='bbox 366 4284 388 4316; x_wconf 89' lang='lat' dir='ltr'><strong>a.</strong></span> <span class='ocrx_word' id='word_1_335' title='bbox 409 4263 479 4318; x_wconf 66' lang='lat'><strong>7512.</strong></span> <span class='ocrx_word' id='word_1_336' title='bbox 514 4268 643 4334; x_wconf 88' lang='lat' dir='ltr'><strong>Kochlor,</strong></span> <span class='ocrx_word' id='word_1_337' title='bbox 654 4321 657 4326; x_wconf 82' lang='grc'><strong>,</strong></span> <span class='ocrx_word' id='word_1_338' title='bbox 668 4269 844 4322; x_wconf 81' lang='lat' dir='ltr'><strong>Dissertation</strong></span> <span class='ocrx_word' id='word_1_339' title='bbox 866 4286 911 4322; x_wconf 87' lang='lat' dir='ltr'><strong>sur</strong></span> <span class='ocrx_word' id='word_1_340' title='bbox 928 4270 953 4321; x_wconf 89' lang='lat' dir='ltr'><strong>le</strong></span> <span class='ocrx_word' id='word_1_341' title='bbox 972 4276 1125 4323; x_wconf 87' lang='lat' dir='ltr'><strong>monument</strong></span> <span class='ocrx_word' id='word_1_342' title='bbox 1143 4271 1175 4324; x_wconf 88' lang='lat' dir='ltr'><strong>de</strong></span> <span class='ocrx_word' id='word_1_343' title='bbox 1191 4273 1219 4325; x_wconf 88' lang='lat' dir='ltr'><strong>la</strong></span> <span class='ocrx_word' id='word_1_344' title='bbox 1236 4274 1309 4329; x_wconf 82' lang='lat' dir='ltr'><strong>raino</strong></span> 
     </span>
     <span class='ocr_line' id='line_1_38' title="bbox 96 4353 1205 4426; baseline 0.005 -21"><span class='ocrx_word' id='word_1_345' title='bbox 96 4353 265 4424; x_wconf 84' lang='lat' dir='ltr'><strong>Cornoaaryc.</strong></span> <span class='ocrx_word' id='word_1_346' title='bbox 304 4353 343 4406; x_wconf 84' lang='lat' dir='ltr'><strong>cf.</strong></span> <span class='ocrx_word' id='word_1_347' title='bbox 362 4354 455 4416; x_wconf 84' lang='lat' dir='ltr'><strong>Ritter,</strong></span> <span class='ocrx_word' id='word_1_348' title='bbox 474 4353 599 4406; x_wconf 87' lang='lat' dir='ltr'><strong>Vorhatle</strong></span> <span class='ocrx_word' id='word_1_349' title='bbox 617 4357 802 4426; x_wconf 73' lang='lat' dir='ltr'><strong>europaischcr</strong></span> <span class='ocrx_word' id='word_1_350' title='bbox 819 4357 1089 4424; x_wconf 77' lang='lat' dir='ltr'><strong>lehergeschichten</strong></span> <span class='ocrx_word' id='word_1_351' title='bbox 1107 4375 1134 4426; x_wconf 81' lang='lat' dir='ltr'><strong>p.</strong></span> <span class='ocrx_word' id='word_1_352' title='bbox 1145 4358 1205 4413; x_wconf 76' lang='lat'><strong>217.</strong></span> 
     </span>
    </p>
   </div>
   <div class='ocr_carea' id='block_1_8' title="bbox 382 4510 388 4547">
    <p class='ocr_par' dir='ltr' id='par_1_8' title="bbox 382 4510 388 4547">
     <span class='ocr_line' id='line_1_39' title="bbox 382 4510 388 4547; baseline 0 0"><span class='ocrx_word' id='word_1_353' title='bbox 382 4510 388 4547; x_wconf 86' lang='lat' dir='ltr'><strong>t</strong></span> 
     </span>
    </p>
   </div>
   <div class='ocr_carea' id='block_1_9' title="bbox 0 0 1443 4906">
    <p class='ocr_par' dir='ltr' id='par_1_9' title="bbox 0 0 1443 4906">
     <span class='ocr_line' id='line_1_40' title="bbox 0 0 1443 4906; baseline 0 0"><span class='ocrx_word' id='word_1_354' title='bbox 0 0 1443 4906; x_wconf 95' lang='lat' dir='ltr'><strong> </strong></span> 
     </span>
    </p>
   </div>
  </div>
 </body>
</html>
