2856 4906
740 246 805 317 ΙΜ

329 406 385 487 ele
404 414 505 489 etot
525 409 587 500 εἷς
607 414 793 513 ἔμψυχον
813 415 1013 512 ἀδικῆσαι
1033 420 1124 492 rror'
1147 419 1211 508 ὅν,

165 527 346 618 Straboque
366 530 395 594 ei
416 530 591 595 assentiens
611 529 694 616 (Vll,
708 530 740 613 3,
753 533 783 618 §.
794 533 825 611 9,
838 555 869 623 p.
880 535 960 613 302,
981 532 1092 602 Kram.
1107 533 1208 619 ll‚25)
1232 535 1317 603 haec
1340 560 1384 604 ex

162 637 292 731 ltpboro
320 641 452 731 prolert:
495 641 598 730 φησὶν
631 634 720 709 εἶναι
745 647 814 710 τῶν
837 669 875 712 ra
908 642 1021 712 ditate
1046 650 1190 713 Σκυθῶν
1223 647 1281 714 καὶ
1310 653 1385 715 πᾶν

162 755 392 842 Σαυροματῶν
415 750 496 832 τούς
520 749 618 837 βίους
644 749 842 839 ἀνομοίους,
871 754 951 836 τούς
975 757 1038 840 μὲν
1066 756 1130 845 γὰρ
1157 750 1244 825 εἶναι
1274 761 1385 843 χαλε-

162 863 252 944 ποὺς
278 860 365 932 aim
391 863 449 930 καὶ
469 858 770 954 α’νθριαποφαγιῖν,
799 865 880 947 τοὺς
905 868 946 936 δὲ
972 867 1029 934 καὶ
1055 872 1123 934 τῶν
1149 861 1262 936 ἔλλων
1285 866 1386 960 {qim

163 968 375 1058 ὖηέχεοθαι,
401 975 442 1039 el.
465 997 548 1063 quae
569 984 759 1063 sequuntur3
794 974 910 1045 Neum.
933 977 955 1045 l.
978 999 1007 1042 a.
1027 978 1147 1067 pars,
1176 989 1208 1045 et
1229 1002 1316 1069 quae
1338 1005 1385 1048 ex

160 1082 344 1173 Plrylarclro
371 1085 461 1150 allert
487 1079 524 1174 (ἡ
547 1084 584 1153 ἐκ
607 1089 668 1174 τῆς
688 1087 868 1176 φαρέτρας)
893 1111 924 1179 p.
941 1089 1015 1153 222
1067 1087 1205 1154 lustinus
1215 1091 1240 1178 ⁸)
1267 1101 1382 1158 autem

162 1194 245 1262 llaec
266 1194 307 1260 de
316 1194 446 1283 Scythis
466 1195 615 1285 prodidit:
636 1195 755 1262 lustitia
776 1198 878 1287 gentis
898 1199 1027 1287 ingenim
1049 1197 1136 1264 culta
1156 1221 1220 1264 non
1242 1199 1380 1289 legibus,

162 1303 287 1374 nullum
315 1302 423 1372 scelus
452 1305 536 1396 apud
563 1328 619 1372 eos
643 1307 728 1372 lusto
753 1310 883 1396 μανίαι
980 1317 1077 1397 atque
1101 1309 1221 1374 utinam
1247 1310 1378 1400 reliqn'n

160 1415 347 1484 mortalibus
362 1415 471 1482 similis
486 1416 660 1482 moderatio
671 1425 826 1496 esset...
843 1418 1025 1506 prolecto
1044 1439 1118 1484 non
1135 1427 1283 1485 tantum
1298 1421 1381 1488 bel-

160 1526 288 1596 lorum
308 1529 520 1618 peremnia
542 1525 707 1592 saecula
729 1528 843 1592 terris
865 1528 1039 1594 omnibus
1060 1530 1379 1614 continuaretur;

22 1637 27 1645 ’
164 1641 205 1707 cl.
213 1649 377 1730 praeterea
389 1636 499 1703 llorat.
511 1635 532 1702 l
543 1634 594 1717 lll,
605 1635 656 1700 od
668 1637 719 1701 24.
741 1634 871 1702 Lucian.
887 1635 1035 1705 tuaene.
1050 1642 1083 1704 ll
1103 1649 1135 1705 et
1149 1661 1176 1706 c.
1188 1642 1232 1707 lo
1242 1641 1293 1721 (ll,
1299 1643 1378 1721 3⁰4,

164 1752 287 1832 8-10)
307 1747 381 1836 οἵγε
403 1743 484 1816 οὐδὲ
505 1747 591 1815 κατὰ
612 1743 736 1836 κόρρης
748 1750 968 1835 παταχθῆναι
981 1747 1209 1836 τολμήσαιμεν
1230 1747 1271 1819 ἓν
1291 1750 1381 1836 μίαν

159 1858 308 1951 πληγήν,
331 1860 441 1928 deeloi
461 1856 525 1947 γάρ
547 1854 662 1941 ἔσμεν,
692 1880 766 1923 curn
788 1857 853 1938 his,
881 1880 964 1946 quae
991 1857 1202 1926 in‘l'oxaride
1223 1860 1379 1950 leguntur

159 1971 361 2058 diffluit)
377 1967 457 2061 παρ’
472 1968 552 2060 ἡμῖν
566 1969 605 2037 δὲ
619 1972 765 2051 αυνεχεῐς
778 1962 812 2035 oi
826 1963 974 2051 πόλεμον
986 2017 996 2034 .
1010 2016 1043 2035 ..
1065 1968 1117 2035 Ex
1130 1968 1180 2035 bis
1194 1992 1272 2061 ergo
1289 1994 1379 2060 quae

159 2081 250 2151 attuli
275 2092 422 2149 veterum
448 2080 632 2145 {estimonio
658 2088 803 2169 apparet,
830 2100 893 2146 non
923 2088 959 2144 ut
985 2102 1003 2145 a
1030 2077 1196 2146 Toxaridis
1223 2083 1375 2172 scriptore

158 2214 180 2261 a
201 2194 316 2261 ceteris
330 2191 463 2258 Graecis
485 2199 517 2255 et
531 2188 683 2256 Romanis
704 2211 777 2253 esse
798 2187 934 2254 creditos
953 2188 1105 2256 nomades
1119 2190 1260 2280 Scythas
1274 2193 1376 2258 lortes

159 2313 193 2372 et
213 2301 383 2370 bellicosos
405 2301 536 2381 heroes,
568 2302 756 2367 iustissimos
784 2297 979 2388 eosdemque
999 2298 1215 2368 fraudulentos
1237 2313 1269 2369 et
1290 2304 1377 2370 sica-

158 2415 223 2482 rios
244 2436 331 2495 esse3
352 2413 530 2503 respicienti
552 2421 659 2478 autem
679 2433 729 2492 ea,
751 2431 834 2500 quae
855 2407 1020 2474 Strabonis
1040 2407 1112 2476 loco
1133 2411 1173 2478 ab
1187 2411 1375 2479 Hermanno

158 2523 256 2592 allato
284 2523 480 2616 praecedunt
507 2531 604 2612 atque
629 2531 817 2612 sequuntur,
850 2521 1053 2611 perspicuum
1084 2530 1148 2603 est,
1179 2522 1375 2591 Strabonem

158 2634 325 2716 affirmare,
347 2634 542 2724 Scytharum
562 2631 698 2709 illorum,
719 2633 775 2722 qui
795 2629 936 2698 bellicosi
950 2641 1047 2721 atque
1064 2631 1231 2700 latrociniis
1253 2638 1376 2703 assueti

159 2748 287 2828 luerint,
318 2767 425 2813 mores
452 2753 619 2835 corruptos
645 2743 744 2810 luisse
769 2740 918 2829 exemplo
944 2741 1144 2812 finitimorum
1166 2743 1375 2829 Graecorum,

157 2858 295 2948 pristinis
322 2878 400 2923 vero
426 2855 593 2921 virtutibus
621 2854 781 2946 praeditos
813 2853 966 2920 nomades
993 2855 1025 2919 in
1052 2856 1260 2921 remotissima
1288 2867 1375 2926 terra

158 2965 331 3035 habitasse.
375 2966 451 3034 Suis
473 2974 580 3030 autem
601 2964 731 3053 Scythis
752 2962 919 3029 ‘l'oxarid'm
940 2966 1074 3054 scriptor
1092 2987 1130 3029 ea
1152 2967 1267 3049 tribuit,
1288 2991 1378 3058 quae

158 3076 201 3144 dc
219 3077 352 3158 diversis
371 3075 498 3168 populis
519 3075 697 3157 traduntur3
725 3083 800 3140 sunt
820 3075 914 3164 igitur
933 3077 1071 3142 maxime
1090 3076 1148 3164 pii,
1167 3079 1290 3143 etiamsi
1312 3103 1375 3170 pa-

158 3187 258 3257 obus
279 3197 455 3256 vescrmtur
473 3189 519 3275 (e.
533 3188 556 3253 8
570 3191 677 3269 extr.),
702 3186 877 3266 iustissimi,
909 3188 1030 3254 etiamsi
1052 3186 1211 3268 fraudant,
1242 3185 1374 3256 latroci-

156 3307 273 3369 nautor
293 3305 334 3380 (c.
348 3301 415 3384 49),
436 3298 553 3365 caedes
573 3320 616 3365 ex
633 3297 750 3364 insidiis
771 3297 898 3364 laeiunt

234 3513 481 3585 monitui.
