2856 4906
682 178 733 260 'lb

105 356 316 447 mansura,
340 348 526 456 praesutim
550 350 716 453 'dialogum
736 356 925 447 XXlV,ln
953 382 1016 456 apae
1041 348 1181 433 thaam
1209 350 1336 433 maea-

105 488 248 551 mentma
269 474 428 544 sertem
450 470 545 567 atque
567 492 634 566 rap.
651 472 748 547 xxtt
768 473 948 556 Charonte,
970 476 1001 542 in
1022 488 1085 566 qua
1107 468 1336 566 sepulcrorum

104 578 315 660 damnoniae
337 597 369 655 et
390 587 580 678 supervacui
606 585 740 653 bonores
764 586 979 677 exagitantur,
1003 584 1113 677 legant
1135 586 1335 679 blen'ppm,

103 697 294 791 cataplum,
321 695 518 789 intellegent,
547 693 710 764 mollitiam
733 698 839 777 animi,
867 719 949 787 quae
976 698 1009 764 iu
1032 696 1209 789 Agathocle
1229 699 1336 773 talare

104 811 253 902 tingatur,
280 826 352 877 earn
374 828 455 888 rese,
479 830 566 899 quaa
588 830 606 873 a
628 807 768 875 Lucieno
791 809 908 876 irrideri
929 808 1081 877 debuerit.
1123 809 1336 900 Qaraatepere

109 931 215 991 autem
237 920 301 988 boe
313 916 442 986 invento
463 936 522 984 suo
538 916 704 984 'llexaridis
727 921 859 1010 scriptor
871 919 1047 987 delectatus
1070 921 1119 1002 eit,
1140 921 1208 1010 ipse
1226 916 1335 1010 rigni-

105 1031 222 1100 team.
271 1028 355 1097 (bran
382 1032 464 1097 enim
491 1027 658 1096 noranullas
686 1031 879 1097 narrationes
908 1029 1045 1098 'laxaris
1072 1029 1252 1111 cavilletur,
1281 1048 1336 1112 ea,

107 1164 193 1234 quae
219 1139 413 1234 Agathocles
444 1138 556 1206 libiae
583 1141 749 1229 praestitit,
781 1142 919 1208 maxime
941 1165 1020 1209 eum
1045 1151 1190 1223 movent3
1223 1142 1269 1207 ita
1295 1150 1337 1209 ut

109 1250 241 1321 Graecis
270 1251 412 1320 invidens
440 1249 536 1316 dicat:
570 1247 626 1331 „0
655 1249 774 1316 utinam
802 1249 889 1318 nullo
918 1254 1101 1343 interposito
1128 1246 1334 1321 iureiurando

109 1364 191 1433 baec
223 1354 401 1442 retulisses,
433 1369 469 1426 ut
495 1383 534 1426 ee
559 1376 624 1426 nan
650 1361 779 1427 credere
811 1384 953 1453 possum
987 1364 1066 1430 adca
1096 1363 1170 1431 milri
1198 1361 1336 1453 Septlaie

104 1497 220 1568 parem
239 1474 379 1540 ornicum
401 1469 611 1561 Agathoclem
635 1471 837 1562 produxisti.“

194 1584 322 1652 Pudore
348 1583 443 1674 igitur
464 1581 658 1672 Agathocles
685 1581 880 1673 prolabatur,
908 1585 1076 1675 quominus
1103 1585 1195 1651 amici
1220 1582 1333 1675 sepul-

111 1712 200 1767 crum
217 1692 391 1784 relinquat,
415 1702 452 1759 at
470 1693 564 1760 wius
591 1716 666 1760 eum
688 1693 824 1784 puduit?
852 1698 900 1763 rui
927 1693 1045 1762 sedicet
1069 1695 1169 1785 ipsius
1194 1704 1228 1761 et
1250 1694 1337 1763 eari-

108 1808 222 1899 pteris,
249 1828 323 1872 nam
344 1804 554 1895 insipientium
577 1812 699 1870 tantum
726 1805 849 1894 pudore
871 1807 994 1872 retineri
1021 1802 1165 1872 homirres
1185 1813 1338 1895 possunt,

106 1920 280 2010 quominus
300 1915 458 2006 sapienter
479 1923 584 2004 agant.

196 2028 289 2114 Quae
312 2047 390 2092 vero
419 2023 459 2090 de
480 2022 658 2112 Euthydico
685 2034 717 2090 et
739 2023 899 2108 Damone,
928 2024 1026 2093 altero
1052 2046 1227 2095 urucuum
1250 2026 1338 2118 pari,

111 2141 306 2207 releruntur
303 2159 357 2204 ·.cc
369 2133 451 2204 XlX
467 2144 498 2202 et
512 2133 579 2200 XX
594 2140 659 2226 (pp.
669 2137 733 2201 229
745 2145 777 2202 et
789 2137 865 2222 230)
890 2146 954 2203 tam
975 2139 1081 2229 inepte
1095 2136 1168 2203 licta
1189 2146 1277 2219 unat,
1300 2146 1337 2203 ut

111 2270 175 2317 nea
190 2248 286 2316 modo
308 2269 374 2327 eos,
396 2247 449 2337 qui
471 2268 624 2336 umquam
645 2269 698 2312 res
713 2247 884 2313 maritimas
907 2248 986 2314 scire
1008 2249 1194 2327 emarcum,
1217 2247 1277 2314 sed
1291 2270 1336 2315 ne

112 2357 263 2453 puerulos
286 2356 423 2446 quidem,
441 2357 499 2445 qui
521 2352 618 2421 ullam
642 2378 753 2421 cursus
769 2359 912 2425 maritimi
931 2359 1170 2448 descriptionem
1187 2356 1335 2448 legerint,

111 2471 144 2537 id
166 2470 275 2558 lugere
296 2467 407 2557 possit.
449 2463 523 2532 -lure
541 2466 638 2554 igitur
659 2469 788 2550 mireris,
815 2488 877 2535 non
899 2470 961 2535 iam
981 2488 1025 2535 etr
1046 2468 1107 2535 bac
1130 2467 1199 2533 sola
1218 2488 1334 2536 narra-

105 2582 196 2649 tione
217 2577 362 2645 bominer
384 2575 497 2642 doctos
518 2576 696 2666 suspicatos
719 2600 798 2660 esse,
821 2576 972 2646 Taxarim
995 2578 1155 2670 dialogum
1177 2600 1332 2648 nonense

113 2714 131 2758 a
156 2688 299 2757 *Lucieno
327 2687 549 2777 compositum.
592 2684 659 2752 Sed
688 2709 759 2753 eam
792 2713 1027 2782 persequamur.
1076 2691 1259 2758 Amicorum
1290 2711 1333 2758 err

112 2797 200 2867 ltalia
220 2801 253 2865 in
270 2795 441 2864 Graeciam
458 2798 674 2888 navigantium
697 2798 785 2880 alter,
806 2799 921 2881 Dama,
944 2800 1079 2892 pallidus
1101 2811 1133 2868 et
1153 2799 1332 2869 imbecillus

106 2919 176 2991 est,
203 2910 246 2977 ita
266 2915 302 2972 ut
321 2928 365 2972 ex
387 2905 559 2997 longinquo
581 2910 692 2976 morbo
713 2909 808 2976 modo
836 2922 995 2979 recreatus
1017 2936 1089 2980 esse
1108 2912 1269 2993 ¹tridentum
1296 2923 1333 2980 et

112 3020 144 3089 it
165 3018 291 3109 quidam
314 3017 375 3083 leoc
403 3015 533 3083 consilio
562 3018 680 3085 dictum
702 3041 774 3086 sese
805 3032 949 3113 apparet,
983 3033 1019 3090 ut
1045 3046 1110 3090 non
1138 3025 1178 3090 alt
1204 3025 1331 3108 mun,

44 3144 46 3149 “
105 3150 171 3197 oar
196 3138 385 3220 tempestate
408 3137 521 3194 coorta
550 3127 654 3195 Demo
687 3129 775 3196 solus
803 3154 923 3199 nausea
957 3133 1118 3201 alliciatur.
1168 3134 1329 3225 lgnoravit

107 3239 248 3305 masse
269 3238 419 3329 scriptor,
438 3241 522 3306 ‘meri
549 3237 694 3327 procellis
722 3243 841 3330 agitato
863 3254 959 3334 atque
982 3244 1106 3313 turbato
1135 3247 1228 3313 etiem
1245 3246 1331 3313 tata-

107 3360 190 3438 ›gr'os
212 3370 274 3419 non
296 3346 400 3413 solum
422 3357 567 3415 vectores
590 3350 655 3416 lere
677 3372 802 3432 omnes,
827 3354 883 3442 qui
905 3358 1105 3446 navigatione
1126 3378 1189 3424 aron
1210 3360 1331 3426 assueri

111 3458 184 3538 sint,
205 3458 261 3523 aed
274 3458 371 3525 dum
389 3467 507 3524 nautae
529 3459 646 3526 multae
668 3462 700 3527 in
715 3461 800 3531 bunc
816 3464 959 3532 morbum
982 3462 1126 3532 incidere.
1158 3465 1331 3539 Naueeans

110 3574 221 3636 antem
237 3565 343 3635 Bamo
365 3569 395 3635 in
415 3591 504 3636 mare
524 3588 643 3661 prona
657 3574 765 3639 vomit.
799 3572 894 3663 Atqui
916 3577 1010 3641 etiam
1031 3578 1070 3657 ei,
1086 3578 1145 3666 qui
1160 3577 1332 3646 nutatione

105 3679 203 3747 mit
225 3681 340 3747 aerari
368 3688 457 3762 eunt,
479 3689 561 3761 tum,
589 3701 663 3745 cum
690 3704 728 3746 ea
755 3683 845 3748 undis
867 3683 1073 3751 veliementer
1091 3686 1244 3765 iactatur,
1271 3688 1331 3755 vix

110 3789 191 3857 renti
209 3799 296 3857 stare
315 3798 459 3880 possut,
480 3791 532 3880 qui
552 3802 801 3858 veronauseant
822 3792 916 3882 plane
930 3815 965 3859 ae
978 3794 1135 3860 eustinem
1155 3809 1329 3886 nequeunt,

105 3898 170 3967 ²red
191 3901 338 3991 prostrati
359 3909 501 3981 romunt,
524 3898 716 3990 ubicumue
736 3900 849 3982 iacent,
877 3923 981 3993 neque
1001 3913 1121 3986 curant,
1144 3929 1188 3973 ne
1210 3928 1329 3978 narem

112 4007 279 4096 inquinent
324 4007 390 4075 Sed
412 4032 474 4078 non
498 4012 573 4078 satis
598 4010 799 4098 ineptiarum3
826 4009 932 4076 incidit
952 4011 982 4076 in
1004 4035 1091 4082 mare
1112 4014 1234 4098 Damo;
1258 4015 1329 4087 boc

111 4134 175 4187 tran
196 4121 318 4202 mirum,
335 4119 515 4187 mirandum
537 4119 642 4210 potius
657 4127 751 4200 esset,
772 4119 799 4185 si
820 4122 1069 4209 nonincidisse13
1091 4127 1196 4194 incidit
1218 4137 1328 4198 autem

111 4230 142 4297 in
164 4253 261 4314 mare,
283 4231 356 4331 quia
378 4229 468 4297 navis
491 4252 528 4295 ea
550 4236 648 4319 parte,
672 4228 703 4294 in
726 4253 790 4319 qua
812 4233 924 4317 stabat,
950 4234 1164 4321 inclinabatur,
1188 4249 1220 4307 et
1240 4240 1329 4310 unda

110 4338 205 4407 umrrl
227 4362 300 4409 eum
322 4336 521 4406 detrudebat:
550 4339 710 4429 tetigitur
730 4362 812 4432 opus
835 4354 882 4410 est
904 4347 1045 4438 scriptori
1067 4348 1263 4432 adiumentis,
1290 4362 1329 4420 ut

108 4447 301 4515 imbecillum
330 4445 490 4515 bominem
517 4472 536 4516 a
564 4445 662 4517 latere
689 4452 778 4518 navis
807 4455 838 4521 in
866 4478 953 4524 mare
982 4460 1173 4550 praecipitet.
1223 4460 1328 4533 Porro
