2856 4906
690 234 729 296 lo

105 403 235 476 ὁπόταν
262 398 373 470 τοίνυν
399 401 459 470 τὸν
487 394 609 486 ἀνεμον
636 403 693 468 καὶ
721 401 781 469 τὸν
809 397 966 490 ἀκινάκην
993 398 1178 487 ὀμνύωμεν,
1208 408 1323 473 ταῦτα

108 511 272 601 ὀμνύομεν
295 506 340 593 ὡς
361 511 496 596 τὸνμὲν
518 505 641 597 ἀνεμον
664 513 750 600 ζωῆς
772 508 882 579 αἴτιον
904 505 992 594 ὀντα,
1015 511 1074 581 τόν
1090 509 1249 602 ἀκινάκην
1266 515 1321 594 δέ,

108 625 162 694 ὅτι
184 618 417 710 ἀποθνήσκειν
438 626 541 688 ποιεῖ.
585 618 641 702 Ὡς
664 623 745 687 enim
768 620 934 710 particula,
962 646 1044 711 quae
1065 645 1194 689 causam
1218 625 1321 712 signi-

104 734 203 813 ficat,
215 735 309 798 ctiam
328 732 366 797 ad
382 732 441 801 τόν
459 726 582 815 ἀνεμον
599 733 637 800 δὲ
653 731 812 797 referenda
830 740 892 809 est,
915 741 1009 818 atque
1036 733 1076 795 ita
1096 732 1217 797 duobus
1235 731 1321 799 haec

104 845 201 909 verba
228 842 497 906 coniunctionibus
523 840 702 906 causalibus
727 862 799 904 cum
823 841 1076 905 antecedentibus
1097 852 1320 925 conectuntur,

105 962 136 1017 et
159 951 197 1016 ad
222 949 354 1014 verbum
377 949 525 1015 translata
550 949 631 1014 banc
653 948 802 1037 praebent
824 951 1022 1014 sententiam:
1052 950 1124 1028 „tid
1146 953 1320 1034 iuramus),

105 1060 190 1150 quod
217 1069 330 1124 ventus
363 1057 487 1146 quidem
505 1060 592 1137 ‚virae
621 1060 688 1122 lons
716 1067 810 1144 atque
838 1080 934 1122 causa
963 1067 1027 1136 est,
1056 1061 1199 1125 acinaces
1228 1084 1321 1143 vero,

106 1172 178 1259 quia
202 1178 338 1234 mortem
363 1168 486 1245 affert“,
508 1166 560 1231 vel
584 1179 617 1230 ut
640 1188 770 1254 pravam
792 1190 911 1233 vocum
934 1170 1189 1256 compositionem
1213 1175 1321 1259 magis

104 1278 239 1346 dilucide
259 1277 448 1365 exprimam3
472 1276 575 1363 „quod
593 1283 706 1339 ventus
724 1277 807 1340 vitae
824 1277 893 1340 lons
909 1286 1004 1364 atque
1018 1300 1115 1344 causa
1134 1288 1190 1357 est,
1214 1281 1321 1367 quod-

104 1413 165 1478 que
184 1389 344 1464 acinaces,
371 1385 440 1471 quia
465 1394 597 1449 mortem
616 1385 732 1448 affert.“
761 1383 860 1449 Scribi
882 1407 957 1472 ergo
975 1386 1107 1451 debebat
1121 1387 1187 1453 vel:
1209 1392 1321 1458 ταῦτα

65 1570 66 1574 ,
107 1492 273 1581 ὀμνύομεν
295 1489 341 1574 ὥς
363 1495 420 1562 τὸν
444 1488 566 1578 ἀνεμον
589 1495 675 1581 ζωῆς
703 1490 813 1560 αἴτιον
835 1487 931 1574 ὀντα,
962 1495 1019 1562 καὶ
1040 1493 1093 1563 ὅτι
1116 1492 1134 1565 ὃ
1157 1493 1320 1586 ἀκινάκης

108 1603 342 1696 ἀποθνήσκειν
358 1611 460 1686 ποιεῖ,
486 1604 536 1669 vel
548 1602 606 1670 τόν
627 1603 689 1686 μὲν
706 1597 829 1687 ἀνεμον
849 1599 1022 1687 ὀμνύομεν,
1038 1601 1085 1686 ὡς
1102 1608 1188 1695 ζωῆς
1203 1605 1318 1678 αἴτιον

107 1711 201 1797 ὀντα,
223 1717 282 1785 τάν
304 1716 342 1784 δὲ
364 1711 598 1808 ἀκινάκηνότι
621 1708 853 1801 ἀποθνήσκειν
875 1719 977 1794 ποιεῖ,
1002 1723 1036 1778 ut
1058 1718 1207 1804 scriptum
1231 1720 1322 1784 simi-

104 1826 172 1892 liter
201 1835 248 1890 est
270 1849 287 1890 a
312 1825 450 1892 Luciano
476 1827 579 1893 Satur.
603 1821 787 1888 c.XXXVl
812 1828 823 1903 (
831 1823 851 1902 l,
863 1824 936 1905 437,
948 1825 1092 1910 22-23)
1115 1827 1173 1894 καὶ
1197 1824 1321 1895 αἰτιω.

605 1927 683 1955 (91

103 1935 210 2020 μένων
231 1931 291 2023 τήν
313 1959 349 2002 τε
372 1933 568 2023 εἱμαρμένην
590 1959 636 2012 ως
658 1957 777 2000 ανισον
797 1932 858 2022 τήν
877 1933 981 2020 νομήν
996 1937 1235 2025 πεποιημένην,
1259 1941 1322 2007 καὶ

100 2041 189 2135 ἡμᾶς
212 2042 264 2112 ὅτι
286 2046 428 2133 μηδενὸς
451 2043 565 2126 αὐτοῖς
585 2040 808 2129 μεταδιδόναι
831 2039 999 2126 ἀξιοῦμεν.

188 2153 404 2242 Neglegenter
426 2155 504 2220 haec
532 2178 658 2244 quoque
688 2154 767 2218 dicta
798 2165 871 2218 sunt
893 2178 919 2219 c.
933 2153 1031 2233 LXll,
1054 2157 1092 2221 iu.
1116 2159 1202 2236 (246,
1222 2158 1319 2223 38:-

103 2266 175 2344 247,
200 2268 249 2348 ll:
285 2259 349 2353 ήδη
378 2265 416 2333 δὲ
438 2264 554 2352 καιρὸς
582 2262 634 2351 εἴη
661 2261 856 2351 κεκρίσθαι,
887 2259 1052 2350 ὁπότερον
1084 2260 1178 2353 ήμῶν
1205 2262 1229 2356 ἢ
1254 2269 1320 2358 τήν

103 2376 257 2462 γλῶσσαν
284 2371 306 2463 ii
333 2374 393 2463 τήν
422 2374 537 2454 δεξιάν
570 2370 832 2463 ἀποτετμῆσθαι
867 2373 957 2441 ἀεόι.Ι
993 2375 1079 2452 „iam
1112 2398 1185 2440 vero
1220 2378 1320 2464 igitur

102 2492 228 2572 tempus
251 2491 328 2564 est‘.‘,
350 2483 449 2572 inquit
465 2481 608 2563 Toxaris,
631 2483 845 2565 „diiudicandi,
869 2491 938 2548 uter
959 2492 1102 2547 nostrum
1126 2493 1180 2549 aut
1202 2485 1316 2553 dextra

104 2601 158 2658 aut
180 2591 283 2680 lingua
309 2593 423 2680 privari
445 2591 588 2671 debeat“,
615 2615 687 2658 cum
712 2595 876 2658 dicendum
901 2596 956 2658 sit:
982 2604 1106 2674 „utrum
1131 2593 1184 2658 tibi
1206 2593 1315 2682 lingua

105 2703 255 2778 exsecari,
279 2724 317 2765 an
341 2701 415 2766 mibi
438 2700 545 2765 dextro
565 2703 719 2790 amputari
739 2702 871 2767 debeat“
894 2698 1052 2791 (πότερον
1067 2703 1105 2771 σὲ
1124 2703 1184 2792 τήν
1205 2705 1318 2791 γλῶσ-

107 2835 170 2878 σαν
190 2806 212 2899 ἢ
235 2811 294 2894 ἐμὲ
315 2810 375 2898 τήν
397 2810 510 2890 δεξιάν
533 2804 794 2898 ἀποτετμῆσθαι
813 2813 912 2898 δέοι),
935 2813 985 2878 vel
1009 2837 1064 2900 per
1085 2812 1254 2901 syllepsim,
1280 2825 1317 2881 ut

104 2919 167 2985 hoc
189 2922 315 2986 nomine
337 2929 421 2984 utor:
455 2915 598 3004 πότερον
621 2920 659 2988 σὲ
686 2916 707 3007 ἢ
729 2921 787 3005 ἐμὲ
808 2921 869 3011 τήν
894 2923 1046 3010 γλῶσσαν
1068 2919 1090 3012 ἢ
1110 2923 1170 3011 τήν
1196 2925 1315 3005 δεξιάν

104 3027 366 3120 ἀποτετμῆσθαι
388 3028 473 3096 δέοι.
1306 3082 1309 3087 .

191 3141 290 3205 b'lulto
306 3160 381 3204 vero
406 3141 505 3227 magis
523 3139 649 3204 offendit
671 3134 747 3227 ῆδὲ
770 3164 952 3230 pronomen,
976 3144 1059 3233 quod
1083 3167 1109 3208 c.
1129 3142 1203 3209 LXl
1224 3142 1312 3226 (246,

104 3250 159 3331 28)
188 3248 309 3337 legitur.
358 3246 468 3314 Solent
496 3251 577 3312 enirn
604 3249 770 3338 scriptores
798 3252 891 3316 Attici
925 3256 1119 3341 pronomine,
1151 3254 1235 3343 quod
1263 3261 1314 3317 est

104 3350 125 3428 ὀ
147 3358 193 3438 δέ,
216 3381 278 3425 non
302 3357 506 3448 praecedente
530 3349 549 3424 ὀ
570 3356 631 3441 μὲν
653 3359 852 3447 pronomine,
876 3363 1118 3427 enuntiationem
1140 3364 1180 3426 ita
1201 3362 1314 3430 adiun-

104 3491 194 3557 gere,
222 3477 257 3532 ut
284 3468 500 3533 enuntiationis
529 3466 693 3531 adiunctae
715 3466 905 3548 subiectum,
934 3469 1017 3557 quod
1046 3479 1093 3534 est
1119 3468 1180 3533 hoc
1206 3471 1315 3555 ipsum

105 3599 292 3667 pronomen,
323 3577 481 3642 diversum
505 3577 545 3641 sit
568 3599 583 3638 a
608 3575 750 3638 subiecto
774 3578 984 3640 antecedentis
1006 3577 1162 3642 enuntiati.
1210 3577 1315 3661 Atque

106 3686 144 3752 ab
171 3685 232 3752 hac
260 3688 411 3752 sermonis
438 3683 670 3750 consuetudine
690 3705 815 3772 perraro
844 3693 874 3748 et
901 3685 940 3748 ita
965 3685 1067 3750 solum
1091 3683 1256 3758 receditur,
1286 3689 1314 3751 si

105 3794 190 3860 nulla
219 3796 364 3860 orationis
396 3793 568 3859 obscuritas
602 3793 733 3870 exsistit3
768 3800 802 3855 ut
828 3815 846 3855 a
873 3791 1085 3880 Xenophonte
1116 3793 1234 3857 iactum
1262 3805 1314 3861 est

107 3902 281 3986 (AnablV,
295 3905 324 3984 2,
338 3904 461 3982 5-5),
485 3903 536 3990 qui
560 3923 632 3964 cum
656 3898 736 3963 haec
758 3901 927 3989 scripserit:
960 3900 1114 3982 καὶτοὺς
1137 3901 1198 3985 μὲν
1220 3896 1313 3970 ἀπο.

107 4009 291 4092 κτείναντες
317 4011 395 4091 τούς
418 4005 740 4088 ἀὲκαταάιώξαντες
756 4006 853 4077 αὐτοὶ
874 4010 1023 4078 ἐνταῦθα
1046 4011 1160 4097 ἔμενον
1182 4007 1228 4090 ὡς
1249 4039 1313 4080 κα-

105 4124 253 4208 τέχοντες
274 4124 312 4189 τὸ
336 4115 445 4209 ἀκρον.
473 4116 511 4186 οἳ
530 4118 569 4187 δέ
591 4114 631 4186 οὐ
653 4124 810 4201 κατεῖχον,
835 4115 922 4187 ἀλλά
947 4172 1019 4202 ...,
1044 4124 1157 4188 nemini
1180 4122 1311 4191 dubium

105 4257 176 4301 esse
199 4241 315 4324 potest,
343 4231 416 4319 quin
444 4230 595 4294 sententia
623 4232 674 4293 sit:
708 4229 770 4308 „ibi
794 4230 961 4296 manebant
982 4254 1143 4296 summum
1167 4241 1312 4299 montem

106 4365 124 4408 a
155 4365 189 4408 se
218 4343 407 4430 occ'upatum
440 4362 510 4404 esse
542 4338 690 4419 arbitrati3
725 4338 779 4403 sed
811 4361 871 4404 non
905 4347 1166 4429 occupaverant.“
1216 4340 1312 4424 Quae

106 4460 211 4519 autem
240 4454 269 4517 in
292 4447 449 4515 Toxaride
479 4450 594 4539 scripta
622 4458 694 4515 sunt
721 4444 740 4535 ῆ
764 4450 841 4537 γυνή
871 4450 909 4517 δὲ
937 4448 1086 4538 φέρουσα
1113 4449 1153 4518 τὸ
1178 4450 1313 4540 βρέφος
