2856 4906
648 242 691 309 75

127 415 366 506 significatione,
397 413 558 504 leguntur:
592 412 715 493 ἐκεῖνος
743 411 880 501 ἕθέριοε
901 409 963 498 τὴν
986 403 1118 490 Ἀσίαν,
1147 407 1212 495 ἐμοὶ
1236 410 1274 481 ut

130 526 345 611 καλαμῶμαι.

60 631 344 724 ’Βπικιηοοὶμενοι
366 637 407 701 62
426 638 511 719 (247,
528 639 578 722 12)
602 656 657 725 pro
680 633 873 721 κεκτημένοι
894 631 1013 697 dietum
1035 641 1098 712 est,
1120 650 1193 696 nam
1216 648 1278 697 nou

129 747 334 836 acquirunt
355 745 432 812 duas
456 757 588 836 uterque
609 745 745 811 dextras.
1228 718 1238 742 ⁰

59 852 264 944 Ἐπιπηδάω
288 857 331 921 20
342 855 429 944 (230,
441 858 474 937 8)
499 878 554 945 pro
576 850 793 945 praemordica,
814 848 1046 938 μεθάλλομοιι.

60 962 323 1051 Ἐπιοεχνᾶσθαι
352 967 388 1032 13
405 967 497 1048 (226,
514 967 670 1050 25-26)
694 965 866 1048 (cuiusvis
889 971 936 1028 est
958 962 1159 1040 machinari,
1190 976 1285 1026 οοιπ-·

129 1079 258 1145 minisei
280 1079 408 1165 aliquid
429 1079 592 1143 aduersus
615 1077 770 1162 aliquem)
794 1069 899 1163 ἔρωτά
922 1098 988 1142 τινι
1010 1072 1128 1140 dictum
1151 1078 1199 1135 est
1219 1090 1277 1159 pro

128 1184 308 1277 ιιχνήμαοί
328 1210 418 1253 τισιν
441 1182 594 1269 ἐμποιεῖν
616 1181 759 1276 (ἔρωτα).

66 1295 240 1364 lnsoleoter
261 1307 423 1387 praeterea
446 1296 504 1366 tat
525 1297 714 1388 praepositio
743 1304 892 1384 usurpata
922 1295 1020 1360 estin
1044 1291 1202 1359 locutione
1224 1282 1277 1356 ἐπ’

131 1402 323 1497 ὀφθαλμῶν
346 1403 530 1493 λαμβάνειν
552 1407 594 1469 20
614 1405 699 1487 (230,
712 1407 745 1490 5)
770 1428 825 1496 pro
850 1406 949 1491 λαμβ.
973 1402 1050 1493 πρὸ
1073 1397 1277 1491 ὀφθαλμῶν.

137 1520 249 1576 Lucina.
269 1522 373 1572 flatum.
392 1519 426 1574 36
445 1523 477 1586 (l,
494 1518 556 1584 437,
576 1518 621 1584 27)
641 1514 767 1586 λοβόνιες
787 1515 841 1589 πρὸ
860 1515 896 1584 ri,
914 1517 990 1570 rhet.
1009 1518 1030 1581 l,
1049 1515 1065 1568 'l
1085 1513 1139 1581 (45,
1159 1511 1187 1579 8)
1205 1512 1281 1564 aaut·

136 1629 231 1681 perer,
260 1614 399 1682 tyrorum?
419 1615 472 1680 (52,
492 1613 538 1680 24)
556 1613 645 1682 ἔχων,
680 1613 757 1665 Char.
777 1612 814 1666 20
831 1612 902 1679 (323,
922 1612 980 1677 17),
1005 1613 1070 1680 gall.
1089 1611 1124 1666 88
1143 1607 1216 1674 (421,
1234 1604 1280 1671 23)

136 1707 258 1774 ἔστηκεν.

150 1799 250 1865 Porro
273 1798 443 1868 insolenter
465 1802 546 1868 dicta
567 1811 655 1868 sunt:

69 1911 290 1998 περιδοῑσθαι
310 1909 351 1976 roi
376 1907 467 1981 ὅπλα
490 1913 531 1977 60
544 1912 707 1996 (utum),

66 2019 256 2109 προΐεσθαι
267 2022 288 2104 ¹t
311 2022 366 2105 [rei
383 2019 498 2108 ὅπλα),
523 2022 744 2112 [permittere
756 2026 900 2106 prodere
913 2023 1039 2112 (arma)]
1063 2044 1119 2113 pro
1137 2018 1280 2111 ἀφιέναι

131 2127 287 2220 (ῥίπτειν)
309 2133 352 2199 τὰ
375 2129 478 2214 ὅπλα,
502 2155 590 2199 arma
610 2138 768 2218 prolerre
788 2133 830 2197 54
843 2132 983 2214 (244,ἳ).

62 2235 275 2330 Ὑπεξαιρεῖν
298 2245 398 2324 (elam
421 2247 563 2328 eripere)
589 2240 741 2332 significat
763 2242 845 2309 Tox.
860 2244 902 2310 43
915 2243 1044 2325 (2326)
1067 2244 1220 2309 liberare.

62 2351 332 2443 Ὕπεξέρχεσθαι
347 2334 445 2437 (elam
462 2356 567 2434 exire,
584 2352 833 2440 etaltersuyerr,
855 2355 950 2437 elabi)
968 2351 1188 2450 explicandum
1200 2350 1282 2420 'lox

136 2465 173 2529 17
187 2464 273 2544 (228,
287 2463 341 2547 23)
359 2467 532 2543 recedere,
547 2487 732 2550 erumpere,
756 2486 830 2530 nam
849 2463 1008 2554 quomodo
1023 2464 1049 2529 is
1066 2462 1193 2553 elapsus
1211 2485 1283 2529 esse

133 2570 386 2661 (entsehltiplen‚
415 2570 626 2655 entwischen)
650 2573 708 2639 dici
731 2585 851 2664 potest,
880 2575 931 2664 qui
960 2574 1065 2639 stricto
1088 2571 1193 2663 gladio
1216 2594 1283 2639 ser·

131 2704 200 2761 voa,
224 2683 275 2772 qui
301 2703 374 2746 eum
398 2682 665 2775 comprehendere
687 2683 850 2765 volebant,
874 2685 1034 2772 fugavisse
1056 2681 1223 2750 narratur?

66 2787 272 2878 Ὑποχωριῖν
294 2795 471 2873 (recedere,
494 2817 530 2858 se
546 2797 703 2879 recipere,
726 2819 762 2861 se
785 2797 980 2875 subducere,
1002 2796 1088 2860 elam
1104 2795 1285 2880 recedere).

134 2901 216 2967 Tox.
231 2903 273 2967 59
287 2902 439 2986 (utum)
461 2925 517 2993 pro
541 2898 722 2994 ἀναχωρεῖν
744 2904 862 2970 dictum
884 2913 940 2972 est.

152 3009 187 3077 ln
209 3011 257 3078 liis
279 3035 372 3095 vero,
400 3035 482 3102 quae
504 3012 585 3078 Tox.
607 3014 645 3078 14
663 3015 756 3096 (227,
775 3019 808 3096 l)
832 3014 992 3101 leguntur:
1026 3014 1144 3082 καὶτὰ
1167 3013 1285 3083 πολλὰ.

69 3117 329 3213 ὑπεκωμῴδουν,
352 3145 411 3188 nee
433 3123 645 3212 compositum
669 3122 815 3204 verbum,
838 3121 923 3212 quod
945 3125 975 3188 in
998 3121 1156 3190 Toxaride
1178 3121 1285 3193 sotum

67 3232 236 3314 invenitur,
277 3256 336 3299 nee
378 3231 513 3322 simplex
552 3241 625 3322 apte
658 3233 776 3299 dicitur.
836 3229 880 3298 lbi
914 3234 997 3299 euim
1028 3237 1112 3300 notio
1147 3232 1283 3324 [lugendi

69 3343 215 3409 irrisionis
239 3365 337 3410 causa
361 3343 538 3432 requiritur,
561 3340 645 3432 quod
668 3351 753 3408 recte
774 3340 941 3409 lacobitius
963 3346 1052 3426 vidit,
1076 3347 1129 3434 qui
1150 3344 1284 3415 verbum

68 3451 155 3544 quod
175 3461 223 3519 est
244 3447 492 3544 ὑπεκωμῴδουν
506 3453 610 3518 vertit:
633 3450 828 3533 ,‚deridentes
850 3451 1045 3543 lingebant“;
1068 3454 1123 3521 sed
1145 3451 1283 3525 ὑποκω-

65 3566 191 3654 μῳδεῖν
213 3562 368 3654 significat
391 3563 567 3630 subridere
590 3586 681 3629 more
697 3565 829 3640 οοοιὶοο,
854 3568 957 3630 tacite
973 3569 1125 3631 mordere
1141 3569 1282 3638 dicterio

68 3683 104 3738 ut
136 3675 165 3738 id
197 3674 330 3740 verbum
364 3674 393 3738 in
423 3672 533 3762 steph.
563 3671 640 3739 thes.
676 3671 861 3739 translatum
894 3684 956 3755 est3
995 3675 1065 3741 addi
1101 3686 1207 3742 autem
1241 3677 1281 3744 ibi

70 3782 203 3851 debebat
241 3805 259 3846 a
292 3782 457 3849 Toxaridis
496 3784 645 3871 scriptore
684 3783 777 3848 aliam
809 3785 880 3850 roei
913 3785 976 3849 vim
1009 3807 1173 3874 perperam
1208 3785 1283 3854 sub,-

66 3895 183 3960 ieetam
205 3913 286 3956 esse.

156 4056 268 4107 Toxnris
287 4055 409 4123 dialogus
428 4060 523 4110 similis
541 4059 691 4111 fabularum
709 4061 914 4113 Romeneosium
934 4062 976 4114 tv.
997 4067 1022 4111 et
1040 4061 1072 4115 V.
1092 4064 1201 4117 soeculi.

156 4170 205 4238 Ex
230 4173 288 4250 eis,
312 4195 394 4260 quae
418 4176 558 4263 exposui,
581 4176 655 4242 satis
679 4186 821 4266 apparet,
844 4177 1036 4244 narrationes
1059 4188 1090 4244 et
1112 4182 1284 4250 orationem

70 4281 236 4350 Toxaridis
265 4280 379 4371 dialogi
408 4281 541 4349 similem
568 4309 638 4352 esse
670 4287 871 4376 scriptorum,
899 4289 959 4376 jqui
981 4296 1122 4354 extremo
1152 4292 1282 4360 saeculo

146 4493 164 4563 ¹)
184 4496 224 4552 cf.
241 4496 321 4565 pou.
341 4512 368 4551 r.
387 4496 573 4549 κατατιθέναι.
