2856 4906
727 244 799 327 821

147 438 270 508 quaeve
298 414 442 483 consulto
477 414 548 481 ficta
574 415 720 507 proferat.
775 413 860 481 Cum
887 424 994 483 autem
1021 416 1083 484 iam
1111 436 1168 506 per
1194 413 1253 481 has
1276 412 1354 481 dilli-

147 527 280 596 cultates
310 536 398 593 aetas
426 527 584 616 scriptoris
611 527 789 614 investigari
818 535 968 616 nequeat,
998 526 1119 594 accedit
1147 527 1241 593 etiam
1267 522 1355 605 illud,

146 637 230 727 quod
254 660 335 726 quae
358 636 501 726 aequalia
524 659 594 702 esse
618 636 770 718 dicuntur,
792 638 884 702 unius
901 637 1103 729 eiusdemque
1119 635 1267 726 temporis
1284 656 1357 700 esse

145 770 208 815 non
230 756 372 838 possunt.
422 745 566 838 Denique
593 746 624 812 id
652 747 761 812 aetatis
789 746 899 813 indicia
920 747 1122 838 indagantem
1145 747 1183 813 ad
1208 745 1357 836 despera·

147 861 262 926 tionem
278 857 413 939 adducit,
436 856 520 947 quod
537 879 618 947 quae
634 857 783 946 temporis
806 855 943 945 aliquam
959 857 1216 948 significationem
1238 854 1357 922 habere

144 967 310 1037 verisimile
331 975 380 1034 est
401 967 532 1057 scriptor
553 989 616 1034 non
638 968 704 1057 ipse
726 975 875 1056 expertus
897 968 1024 1057 profert,
1046 968 1101 1035 sed
1126 978 1160 1035 ut
1183 967 1356 1033 orationem

147 1103 187 1146 ex
214 1079 347 1145 aliorum
378 1076 462 1143 libris
496 1078 737 1160 consarcinavit,
772 1101 810 1144 ea
838 1100 965 1169 quoque
999 1101 1039 1145 ex
1072 1076 1179 1144 litteris
1213 1078 1357 1168 sumpsit,

146 1191 319 1282 congessit,
342 1188 456 1280 partim
477 1186 516 1253 de
539 1186 687 1254 industria
701 1187 852 1269 detorsit,
880 1190 992 1278 partim
1014 1187 1213 1279 neglegentia
1233 1197 1288 1254 aut
1309 1187 1358 1254 in·

146 1302 235 1368 scitia
255 1298 445 1391 permiscuit,
468 1297 510 1362 ita
531 1306 568 1363 ut
588 1295 682 1388 plane
704 1301 853 1390 cognosci
875 1320 937 1367 non
960 1300 1068 1389 possit,
1091 1299 1203 1390 quibus
1217 1299 1248 1364 in
1262 1296 1357 1378 rebus

145 1411 212 1502 ipse
235 1411 384 1477 erraverit
407 1419 502 1499 atque
524 1408 672 1474 mentitus
695 1411 749 1491 sit,
781 1418 812 1475 et
833 1411 864 1474 in
887 1409 999 1499 quibus
1028 1418 1173 1476 auctores
1202 1407 1356 1498 quosdam

146 1529 283 1586 errantes
313 1530 441 1587 secutus
471 1521 518 1586 sit.
570 1520 672 1609 Atque
694 1520 736 1585 ita
758 1519 809 1602 fit,
838 1530 934 1588 utne
957 1521 1062 1586 exeis
1086 1519 1210 1609 quidem
1239 1516 1355 1597 erratis,

146 1654 228 1719 quae
248 1631 464 1720 posteriorem,
489 1652 584 1720 quam
608 1651 671 1718 qua
691 1627 850 1696 Lucianus
872 1631 936 1712 luit,
960 1639 1096 1696 aetatem
1116 1629 1260 1695 videntur
1278 1626 1357 1693 indi·

147 1763 228 1822 oare,
253 1739 401 1831 colligere
423 1741 592 1829 quicquam
615 1739 758 1822 audeam,
781 1763 855 1808 cum
870 1740 994 1806 videam
1014 1738 1110 1806 alium
1125 1739 1232 1830 prioris
1248 1738 1360 1804 aetatis

148 1851 333 1940 scriptorem
365 1873 442 1918 casu
470 1849 609 1940 quodam
642 1851 671 1916 in
702 1850 792 1917 simili
825 1861 920 1941 atque
947 1849 1033 1916 illum
1062 1872 1165 1916 errore
1196 1857 1360 1914 versatum

147 1983 226 2026 esse.
278 1959 420 2051 Scriptor
449 1971 555 2027 autem
578 1962 658 2052 ipse,
686 1970 780 2044 ut,se
802 1961 891 2029 lictas
914 1984 963 2027 res
987 1959 1181 2051 prolaturum
1204 1959 1362 2048 quodam-

135 2071 241 2136 ‹modo
264 2071 417 2159 significat
438 2071 557 2137 verbis:
581 2064 693 2152 illicce
714 2071 776 2160 poio
800 2068 962 2140 πλάττειν
983 2072 1024 2140 cd
1048 2075 1189 2140 τοιαῦτα
1213 2065 1255 2137 οὐ
1269 2064 1361 2137 πάνυ

143 2177 291 2266 χαλεπόν
318 2184 351 2246 ll
373 2182 466 2264 (225,
485 2182 559 2265 32),
585 2183 623 2248 cl.
644 2183 686 2246 56
704 2182 795 2266 (244,
813 2184 871 2267 24)
895 2178 985 2250 πάνυ
1011 2182 1151 2272 τραγικὰ
1178 2172 1206 2247 ὦ
1231 2175 1361 2268 Τόξαρι

145 2293 202 2362 καὶ
222 2289 351 2377 μύθοις
372 2291 486 2377 ὅμοια,
509 2293 551 2358 ita
573 2290 737 2358 voluntate
760 2294 951 2359 narrationes
975 2316 1011 2360 ea
1031 2295 1149 2359 ratione
1171 2293 1362 2382 composuit,

145 2412 181 2468 ut
202 2404 347 2469 refutatio
369 2405 505 2471 obscura
528 2411 613 2469 esset
636 2399 667 2492 (ὁ
691 2400 822 2492 ἔλεγχος
845 2397 980 2494 ἀφανής
1005 2406 1038 2467 ll
1062 2403 1146 2486 (225,
1162 2401 1247 2491 33)),
1274 2400 1363 2492 quod

147 2523 234 2580 etex
250 2514 293 2580 cis
309 2524 449 2604 apparet,
472 2535 554 2604 quae
576 2535 670 2604 supra
694 2515 835 2604 exposita
859 2523 932 2580 sunt
953 2517 997 2604 (p.
1014 2512 1094 2578 12v.
1106 2512 1148 2578 20
1160 2512 1251 2603 sqq),
1274 2523 1363 2580 etex

147 2645 196 2705 co,
218 2623 303 2715 quod
327 2647 400 2690 cum
422 2624 549 2690 nomina
566 2622 822 2715 Bosporanorum
837 2647 949 2716 regum
970 2624 1076 2716 tingat,
1099 2621 1282 2690 Romanum
1302 2625 1363 2691 im-

145 2743 332 2824 peratorem,
356 2733 395 2800 ad
418 2756 513 2823 quem
536 2733 646 2800 Diniae
670 2735 786 2800 missus
809 2735 857 2816 sit,
879 2735 1136 2826 praefectosque,
1157 2735 1210 2824 qui
1231 2732 1363 2824 Epheso

146 2844 214 2910 orbi
243 2854 337 2934 atquc
360 2844 568 2911 Alexandriae
591 2845 793 2932 praeluerint,
827 2866 890 2910 non
913 2844 1068 2927 nominat,
1103 2845 1177 2934 quin
1204 2845 1363 2912 etiamne

146 2954 259 3020 diserte
282 2955 408 3043 quidem
430 2953 541 3044 prodit,
565 2953 773 3020 Alexandriae
796 2977 842 3036 ea,
866 2977 948 3043 qnae
970 2954 1009 3021 de
1032 2955 1195 3022 Demetrio
1217 2963 1252 3021 et
1273 2951 1361 3021 Anti·

147 3063 233 3154 pbilo
255 3075 367 3147 narret,
390 3066 534 3131 evenisse
556 3087 592 3131 se
612 3063 739 3155 fingere.

153 3218 155 3222 »
232 3173 373 3256 lamec,
404 3198 486 3264 quae
508 3177 681 3266 generatim
702 3178 845 3268 exposita
868 3187 958 3260 sunt,
986 3174 1118 3268 singulis
1146 3175 1242 3244 rebus
1260 3194 1365 3242 excu-

149 3285 259 3352 tiendis
281 3295 353 3352 sunt
376 3284 599 3352 continuanda.
635 3287 683 3352 Ac
703 3288 841 3378 primum
864 3287 990 3376 quidem
1013 3311 1055 3353 ex
1078 3308 1125 3369 eo,
1149 3286 1233 3376 quod
1249 3285 1364 3353 Diniae

148 3398 179 3462 in
201 3394 335 3462 insulam
352 3396 495 3482 Gyarum
517 3398 633 3462 missus
657 3421 728 3464 esse
750 3407 902 3478 narratur,
926 3394 1031 3486 colligi
1054 3418 1127 3463 eum
1143 3395 1262 3462 Solano
1279 3394 1367 3462 aliis·

146 3497 212 3597 ¹que
233 3527 296 3572 non
319 3515 436 3596 potest,
463 3507 494 3573 in
516 3505 644 3573 Luciani
667 3516 808 3598 tempora
832 3509 1039 3574 narrationem
1062 3507 1189 3589 cadere3
1218 3507 1250 3573 in
1274 3504 1365 3594 Gya·

149 3639 220 3683 rum
244 3619 325 3682 enim
347 3614 481 3682 insulam
503 3638 566 3683 non
581 3615 803 3706 relegabantur
825 3618 881 3684 sed
896 3616 1139 3707 deportabantur
1156 3619 1209 3699 rei,
1230 3615 1365 3684 Luciani

150 3736 257 3793 autem
279 3735 381 3792 aetate
402 3725 456 3792 lex
478 3725 555 3793 lulio
583 3727 723 3809 valebat,
752 3751 813 3817 qua
842 3727 971 3795 adulteri
1000 3727 1199 3818 relegationis
1226 3746 1365 3819 poenam

150 3835 297 3902 subibant
306 3836 344 3920 1);
368 3835 477 3903 deinde
499 3835 640 3927 relegare
653 3838 849 3928 praesidibus
871 3839 945 3930 ipsis
969 3837 1064 3921 licuit,
1086 3859 1190 3928 neque
1211 3838 1365 3906 iudicium

150 3967 258 4015 eorum
286 3967 342 4036 per
370 3947 590 4038 imperatorem
612 3956 714 4013 ratum
744 3946 808 4015 sieri
842 3970 923 4039 opus
950 3957 1030 4030 erat,
1064 3947 1201 4039 denique
1234 3948 1365 4015 omnino

149 4054 260 4124 Diniae
282 4077 344 4122 non
367 4056 501 4138 videtur,
534 4065 570 4123 ut
597 4055 740 4124 homines
765 4057 848 4124 docti
876 4066 1082 4149 putaverunt,
1116 4055 1273 4142 adulterii,
1306 4056 1365 4124 nod

151 4166 256 4233 caedis
278 4167 416 4232 damnari
438 4165 582 4233 debuisse
608 4167 764 4256 mortique
791 4166 906 4249 addici,
930 4190 1003 4237 cum
1031 4193 1102 4245 non,
1116 4168 1238 4250 solum,
1267 4177 1306 4235 ut
1327 4188 1366 4235 se

150 4275 338 4359 defenderet,
361 4278 508 4344 maritum
530 4275 725 4359 Charicleae,
748 4275 804 4343 sed
826 4277 1027 4347 Charicleam
1049 4282 1143 4347 etiam
1164 4278 1365 4349 interfecerit.

149 4430 345 4448 m———a—

215 4519 235 4579 ¹)
257 4519 364 4583 Walter,
383 4519 516 4572 romische
528 4517 778 4588 Rechtsgescbiobta
795 4521 821 4585 ς.
830 4519 891 4586 773,
904 4520 958 4574 vu.
971 4522 997 4573 11
1007 4538 1033 4588 p.
1042 4518 1106 4575 teo.
