2856 4906
719 218 765 289 bt

136 377 274 480 aptabat,
295 390 435 465 faemore
448 393 632 474 amicarum
655 400 692 458 nt
713 391 840 459 excelsa
860 395 1035 478 videantur,
1055 395 1105 465 ita
1119 395 1150 465 in
1167 395 1275 470 malua
1295 414 1361 469 aar

135 499 218 583 tolli,
245 500 369 594 aliaque
391 504 497 569 omnia
525 511 588 569 tarn
610 501 776 593 magnilica
798 503 886 594 tingi,
915 514 949 571 ut
972 504 1067 597 plana
1085 505 1150 578 leat
1171 528 1236 579 son
1258 528 1360 649 ροισι

135 623 315 704 appareant.
488 634 491 639 ’

220 723 313 809 Quae
347 745 423 789 vern
463 732 573 812 pastea
612 726 694 793 ianm
729 712 801 795 esso
841 710 1006 796 narrantur
1041 726 1232 816 ineptissima
1268 735 1358 803 sunl·

134 833 216 901 Cum
241 835 323 909 enirn
346 835 480 924 Aegypti
503 835 681 924 praefectus
704 835 901 911 Demetrium
923 847 1019 927 atqua
1037 835 1243 926 Antiphilam,
1267 839 1359 926 quat

133 967 198 1015 narr
219 947 396 1032 effugerant
423 968 497 1011 cnm
520 948 645 1027 ceteris,
676 969 717 1017 ex
738 948 880 1021 custodia
910 950 1052 1023 emittere
1073 945 1185 1029 vellat,
1210 947 1256 1017 illi
1277 968 1359 1023 carr«

133 1058 210 1133 tenti
232 1080 269 1125 ea
284 1079 319 1123 rc
339 1064 514 1136 nouerant,
538 1079 587 1138 ne,
610 1080 683 1124 curu
699 1059 882 1129 innocentes
898 1068 1014 1138 essent,
1036 1059 1215 1129 viderentur
1229 1056 1359 1129 scelesti

133 1188 204 1244 asse
232 1177 328 1257 atque
355 1176 483 1256 propter
510 1168 755 1237 nrisericordianr
784 1170 879 1241 amitti
888 1218 900 1248 ‚.
923 1167 1067 1239 XXXlll
1090 1169 1182 1252 (235,
1200 1171 1286 1237 13*
1295 1170 1357 1254 15)

136 1277 222 1368 ἐβόα
252 1280 294 1350 dd
320 1274 339 1349 ὁ
367 1274 560 1369 Δημήτριος
587 1279 644 1355 ani
672 1279 768 1349 datad
800 1276 927 1362 desolas,
962 1277 1163 1353 barretano
1192 1284 1284 1370 spoia
1310 1276 1357 1353 rt

135 1388 271 1482 σμικρά,
298 1389 330 1465 ιι
357 1387 497 1472 δόξουσι
527 1393 709 1480 κακοῦργοι
731 1384 824 1472 ὅστις
850 1391 949 1481 ἐλέῳ
975 1389 998 1483 ἢ
1025 1388 1182 1481 ἐπαίνῳ
1203 1396 1275 1463 aod
1299 1391 1356 1482 arn*

132 1499 330 1594 ‹inadpoirnr
355 1497 536 1592 ἀφεῖσθαι.
550 1540 594 1551 ··-
614 1500 804 1571 Obtinebant
826 1504 938 1592 igitur,.
952 1513 989 1570 ut
1010 1504 1153 1594 quaestio
1175 1502 1353 1574 baberetur.

133 1614 199 1686 sad
229 1636 305 1685 enm
326 1613 507 1685 Demetrius
533 1615 743 1685 innocentiam
766 1637 858 1685 auara
881 1624 976 1702 atque
1003 1615 1094 1684 amici
1116 1613 1251 1703 probare
1270 1611 1354 1688 indi·

132 1727 220 1795 abus
248 1725 376 1803 debeat,
404 1738 508 1815 neque
536 1722 658 1793 difficile
687 1734 753 1791 erat
781 1724 930 1814 probare,
960 1725 1032 1815 quid
1064 1723 1163 1793 lacit?
1202 1722 1356 1797 lanr'usrss

131 1835 291 1928 pralnndit
310 1836 381 1918 (nai
402 1831 555 1923 δακρύων
576 1835 719 1925 προσέτι
739 1835 796 1903 και
818 1831 976 1908 terreatur
995 1833 1179 1907 cXXXlV
1194 1833 1281 1918 (235,
1297 1833 1356 1916 32)

131 1956 167 2018 et
185 1945 367 2036 suppliciter
387 1955 469 2028 orat;
503 1947 589 2035 atqui
612 1946 686 2036 qnid
700 1945 817 2019 llenda
840 1955 872 2014 ιι
892 1945 1098 2037 supplicando
1121 1943 1205 2011 aliud
1227 1942 1355 2017 silicara

129 2068 251 2149 pateat,
273 2080 370 2147 quam
392 2066 428 2128 nt
450 2055 695 2131 misericordiam
717 2056 855 2130 iudicum
878 2058 1029 2138 concitet,
1051 2079 1123 2127 cina
1148 2065 1254 2125 tamon
1274 2053 1355 2128 nolit

130 2169 228 2239 videri
250 2191 286 2235 se
307 2176 339 2235 et
362 2168 499 2239 amicum
515 2189 533 2240 a
548 2167 708 2257 praelecto
730 2178 857 2258 propter
877 2167 1120 2241 misericordiam
1143 2189 1185 2232 ex
1206 2165 1354 2239 custodia

130 2281 264 2353 missos
286 2275 383 2345 essa?
428 2276 528 2349 Porro
552 2300 613 2347 non
636 2275 705 2345 vult
727 2277 882 2352 scelestus
906 2277 1011 2358 videri,
1033 2275 1232 2349 nihilominus
1255 2275 1354 2351 tatius

112 2380 174 2465 ¹tsi
201 2387 330 2478 culpam
356 2389 423 2476 ipss
449 2387 602 2478 praestat!
637 2388 707 2470 (uni
725 2388 765 2457 ab
788 2392 858 2461 raris
880 2386 932 2479 ἐφ’
957 2385 1082 2461 tamt»
1103 2383 1353 2472 dvatudnaraa

130 2523 157 2577 c.
169 2496 316 2573 XXXIV
335 2498 422 2581 (235,
439 2495 503 2582 34).
552 2499 746 2583 Quaestione
767 2508 875 2570 autam
903 2499 1025 2583 habire,
1053 2500 1214 2571 tormentis
1238 2520 1351 2573 surus

128 2612 344 2698 interrogatur.
389 2607 460 2680 Hoc
482 2608 506 2675 si
530 2609 657 2678 omnino
681 2609 857 2683 lactandum
879 2619 959 2692 erat,
986 2611 1092 2681 statim
1113 2609 1154 2677 ab
1177 2609 1260 2683 initia
1283 2606 1351 2685 lari

129 2718 272 2794 debebat.
317 2717 384 2785 sen
400 2717 473 2808 qnid
490 2740 570 2809 opus
588 2728 655 2787 erat
677 2720 851 2802 tormentis,
872 2742 944 2791 curn
963 2743 1079 2810 servus
1092 2719 1205 2793 irarum
1222 2717 1350 2791 affinem

129 2854 200 2905 aare
222 2827 350 2895 sceleris
371 2851 432 2893 naa
457 2827 595 2899 diceret?
636 2830 747 2910 (Certe
767 2831 798 2895 id
821 2853 884 2897 non
907 2855 924 2896 a
948 2832 1098 2920 scriptore
1121 2829 1255 2901 relatum
1277 2834 1351 2911 ost.)

128 2941 297 3013 Faciamus
320 2948 426 3009 tamon
449 2937 642 3028 Antiphilam
666 2938 746 3005 lalso
768 2938 983 3013 insimulatum
1006 2963 1086 3019 essu
1108 2962 1212 3010 nouas
1236 2962 1350 3010 sarrns
1379 3003 1380 3007 ,

128 3051 289 3125 tenuantis
307 3049 482 3138 conspectis
499 3050 605 3123 atatim
623 3050 735 3119 herum
753 3051 951 3121 innocentem
967 3072 1038 3125 assa
1056 3051 1223 3123 confessus
1240 3048 1348 3119 eurr?

128 3159 227 3234 Multa
249 3163 313 3231 iam
336 3158 471 3229 absurda
494 3158 567 3248 lagi,
588 3160 771 3235 absurdiora
793 3182 890 3250 qnam
912 3161 992 3231 haec
1013 3162 1077 3252 legi
1099 3161 1194 3231 nulla.

216 3271 385 3341 Praeterea
407 3268 609 3359 neglegenter
625 3291 652 3336 c.
664 3268 806 3343 XXXlll
824 3272 909 3352 (235,
925 3274 978 3357 ll)
1002 3273 1120 3341 dictum
1137 3283 1194 3354 ast,
1216 3267 1348 3361 ἐπαὶνῳ

127 3387 188 3456 aad
218 3381 265 3472 μὴ
295 3376 491 3471 ἀποδρᾶναι
519 3376 702 3472 ἀφεῖσθαι.
745 3381 857 3450 Potest
889 3381 1001 3473 aliquis
1033 3382 1169 3463 laudari,
1203 3383 1300 3455 emitti
1331 3406 1350 3449 e

129 3495 288 3570 custodia,
317 3493 401 3581 qnod
424 3493 597 3565 occasione·
619 3493 693 3561 data
715 3515 779 3567 non
811 3493 935 3582 ellngit3
969 3491 1128 3584 quomodo
1157 3513 1234 3561 vero
1262 3503 1351 3567 recte

128 3605 188 3677 rbci
209 3604 325 3694 possit,
347 3601 484 3692 aliquam
506 3604 603 3671 emitti
625 3613 791 3694 propterea
815 3602 899 3692 quod
922 3601 1082 3684 laudetur,
1106 3598 1276 3690 quadarn
1300 3603 1351 3666 el

128 3715 252 3806 Ingerit,
274 3713 421 3805 equidem
443 3736 506 3789 non
527 3712 686 3801 intellego.
1078 3752 1080 3756 ι

167 3824 337 3893 Deinde
364 3823 449 3916 qnod
476 3846 504 3891 c.
520 3822 656 3899 XXXV
673 3825 759 3905 (236
775 3826 841 3890 8
852 3828 885 3909 9)
913 3822 1048 3899 Tonnris
1074 3751 1294 3911 praedicar,
1282 3841 1349 3893 non

129 3957 200 4007 asse
221 3934 413 4025 Scytharum
434 3933 601 4022 magnifica
618 3935 757 4008 oratione
774 3937 827 4015 an,
849 3932 1034 4025 praesertim
1056 3939 1133 4012 tum,
1156 3952 1231 3999 cum
1249 3929 1349 4005 verba
1374 3964 1378 3969 ·

128 4057 315 4138 superentur·
337 4045 441 4126 robus,
462 4067 525 4111 non
547 4045 651 4117 minna
673 4043 821 4113 callidum
843 4052 901 4123 ast,
924 4063 1021 4130 quam
1043 4044 1068 4109 si
1091 4043 1161 4132 quis
1184 4041 1349 4132 glorietur,

127 4181 190 4231 nnn
213 4181 283 4225 sese
297 4154 496 4248 popularium
515 4176 646 4227 suornm
663 4152 766 4233 lucari,
788 4154 969 4242 praesertim
989 4154 1013 4220 ai
1033 4154 1062 4221 in
1079 4154 1218 4224 omnium
1238 4174 1347 4225 rerum

25 4288 26 4291 ’
128 4267 318 4341 abnndantia
341 4267 457 4333 vivant.

213 4378 257 4449 Ut
279 4379 343 4451 iam
369 4374 409 4475 ad
432 4397 484 4453 ea,
514 4394 596 4462 qnae
619 4371 752 4447 Taxaris
779 4385 898 4458 narrat,
924 4374 1143 4468 persequenda
1173 4384 1347 4461 transeam,

126 4488 277 4561 rrrrtrerra
298 4485 339 4559 da
360 4485 426 4561 ains
448 4483 576 4586 dicendi
591 4506 707 4587 genere
727 4507 830 4584 pansa
853 4485 1058 4565 memoranda
1078 4495 1161 4566 ruat.
1204 4485 1348 4590 Apparet
