2856 4906
701 204 742 270 77

103 353 191 447 'dens
214 375 374 447 Lucienus
398 374 495 457 dedit,
519 383 718 465 sequeretur,
740 376 813 465 quin
836 376 930 444 etiam
951 376 1048 469 ipsius
1070 373 1199 444 Luciani
1225 357 1326 444 imita·

104 487 230 556 tionem
268 488 476 556 recentiorum
514 486 701 576 scriptorum
739 488 965 554 contemnentis
1008 496 1103 576 atque
1139 488 1324 578 exagitantis

113 599 285 665 orationem
314 594 500 663 imitaretur!
533 597 645 661 mirum
674 594 736 662 boc
764 596 904 684 quidem,
939 605 970 662 at
1000 595 1099 663 multo
1126 598 1228 686 magis
1249 595 1326 664 illud

113 707 305 789 mirandum,
335 708 419 796 quod
441 731 497 796 per
520 717 582 773 tam
608 705 706 772 multe
729 705 856 772 saecula
880 715 926 773 tot
949 704 1121 787 hominum,
1145 717 1208 774 tarn
1231 728 1326 798 saga7

105 818 212 898 cium,
241 819 292 908 qui
315 816 454 909 legendis
477 815 608 883 Lucieni
631 817 752 906 scriptis
776 815 920 883 delectati
943 828 1030 899 sunt,
1059 820 1208 909 perpauci
1236 815 1326 885 intel·

112 926 271 1010 lexerunt,
301 950 389 1009 eum,
412 929 465 1018 qui
488 926 648 994 rhetorum
671 925 851 1017 aequalium
879 929 950 993 vitia
974 938 1039 995 tarn
1063 928 1182 995 acerbis
1205 927 1326 994 salibus

113 1040 336 1130 perstrinxerit,
357 1047 490 1119 etcum,
512 1040 564 1127 qni
587 1039 634 1104 his
650 1040 725 1129 ipsis
739 1038 821 1105 vitiis
838 1036 1017 1105 cumulatus
1034 1040 1073 1104 sit
1088 1038 1241 1120 maximis,
1261 1057 1324 1107 non

113 1170 208 1240 posse
230 1171 329 1217 unurn
353 1146 551 1236 eundemque
574 1170 652 1216 esse.

198 1365 339 1418 'I'oxaridis
358 1369 469 1434 scriptor
485 1375 546 1433 post
562 1367 751 1435 Aloiphronem
768 1372 794 1418 et
811 1365 983 1418 Heliodorum
1002 1366 1107 1420 ridetur
1125 1368 1234 1418 vixisse.

195 1481 317 1551 Deinde
331 1485 361 1551 id
378 1509 420 1552 ex
434 1488 489 1567 cis,
512 1510 594 1576 quae
610 1508 704 1577 supra
727 1483 822 1551 allata
845 1493 928 1566 sunt,
949 1493 1044 1574 patet,
1066 1505 1127 1551 non
1151 1506 1221 1551 earn
1244 1483 1323 1550 inter

111 1593 283 1662 orationem
298 1594 457 1664 Heliodori
480 1607 574 1687 atque
586 1595 781 1690 Alciphronis
793 1598 814 1677 ¹)
838 1604 868 1662 et
881 1594 1031 1663 Toxarim
1046 1588 1207 1691 dialogum
1228 1595 1321 1660 inter·

111 1702 224 1769 cedere
253 1704 499 1789 similitudinem,
533 1731 616 1797 quae
648 1710 727 1776 inter
754 1708 903 1796 aequales
931 1708 1098 1796 scriptores
1131 1702 1322 1771 intercedere

110 1809 223 1895 soleat,
246 1816 303 1883 sed
325 1817 456 1886 dubitari
478 1840 540 1885 non
562 1840 674 1909 posse,
702 1821 775 1908 quin
799 1827 854 1884 aut
873 1816 916 1885 illi
940 1815 1104 1883 Toxaridis
1128 1816 1321 1905 scriptorem,

110 1931 166 1988 aut
188 1923 238 1991 hic
261 1926 331 1993 illos
354 1929 491 1997 imitatus
514 1930 562 1994 sit.
608 1929 815 1997 Verisimllius
845 1939 950 1997 autem
980 1937 1042 2008 est,
1075 1928 1209 2018 primum
1237 1949 1322 2006 eum,

110 2033 162 2120 qui
184 2036 337 2103 serviliter
360 2047 455 2128 atque
479 2062 574 2128 saepe
599 2041 704 2131 inepte
726 2039 901 2107 Lucienum
931 2039 1068 2105 imitatus
1097 2039 1150 2117 sit,
1183 2060 1224 2103 ex
1252 2034 1319 2102 aliis

111 2162 238 2232 quoque
261 2146 430 2233 lontibus²t
454 2147 607 2231 hausisse,
630 2172 726 2239 quam
750 2148 954 2216 Heliodorum
978 2157 1073 2237 atque
1088 2145 1321 2238 Alciphronem,

112 2271 186 2325 cum
224 2254 323 2324 multa
352 2258 396 2323 eis
432 2267 577 2325 veterum
613 2260 886 2350 recentiorumque
927 2257 1072 2349 exempla
1109 2265 1321 2348 suppeterent,

110 2359 260 2432 Toxarirn
284 2368 480 2457 potissimum
504 2369 665 2461 dialogum
682 2369 722 2437 ad
744 2369 929 2438 imitandum
952 2369 1008 2435 sibi
1032 2366 1175 2458 elegisse.
1205 2362 1320 2457 Neque

108 2483 192 2540 recte
215 2474 277 2543 hoc
298 2475 420 2545 videtur
442 2502 536 2570 posse
560 2482 670 2561 conici,
693 2479 852 2572 dialogum
875 2478 1072 2571 Alciphronis
1096 2487 1192 2567 atque
1212 2473 1320 2543 Helio·

109 2581 175 2649 dori
197 2594 337 2676 tempore
360 2589 421 2656 iam
444 2591 523 2658 inter
538 2590 667 2662 Luciani
690 2614 783 2683 opera
807 2601 967 2682 receptum
989 2591 1095 2670 luisse,
1119 2609 1238 2676 eosque
1256 2606 1319 2652 non

108 2702 173 2760 tarn
196 2693 347 2764 Toxarim
368 2700 580 2788 potissimum,
604 2724 699 2791 quarn
722 2704 827 2770 omnia
849 2699 980 2769 Luciani
1002 2701 1132 2790 scripta,
1161 2707 1256 2788 atque
1276 2697 1319 2763 ita

109 2826 182 2871 eum
210 2829 338 2898 quoque
365 2808 525 2899 dialogum
554 2812 691 2878 imitatos
714 2837 799 2895 esse,
833 2834 907 2880 cum
937 2817 1006 2878 cius
1031 2809 1180 2901 imprimis
1208 2805 1319 2876 similia

108 2985 301 3002 m-

183 3086 202 3154 ¹)
220 3091 278 3143 Non
297 3109 405 3160 possum
424 3098 489 3161 quin
508 3098 636 3150 assentiar
653 3099 806 3165 Augustino
824 3097 969 3165 Wagnero,
995 3099 1042 3164 qui
1064 3098 1094 3147 in
1110 3097 1228 3148 secunda
1244 3101 1318 3162 parte

110 3176 240 3231 editarum
257 3180 291 3231 ab
310 3197 340 3233 eo
357 3182 528 3248 Alciphronis
546 3184 717 3251 epistolarum
735 3187 771 3253 (p.
780 3185 809 3251 4)
828 3185 926 3239 Christ.
945 3185 1055 3237 Sextum
1078 3191 1185 3248 secutus
1203 3183 1319 3237 medium

108 3262 177 3315 iuter
193 3265 342 3323 Luciaaum
360 3275 385 3320 et
402 3270 598 3323 Aristaenetum
614 3272 704 3324 locum
721 3274 747 3324 ei
765 3274 892 3341 assignat.

184 3349 204 3414 ²)
225 3353 313 3406 Etiam
332 3371 348 3406 a
365 3355 508 3410 Plutarcho
529 3359 658 3410 nonnulla
679 3361 782 3412 furatus
805 3366 857 3424 est;
886 3363 919 3412 cf.
938 3360 1001 3430 περὶ
1020 3361 1187 3428 πολυφιλίας
1206 3376 1230 3410 c.
1243 3360 1268 3411 ll
1280 3359 1319 3409 in.

107 3432 371 3510 tricameratum
389 3433 488 3511 ὄρεξις,
507 3438 600 3513 ὥσπερ
619 3443 782 3499 ἀκολάστων
799 3447 940 3516 γυναικῶν
1019 3449 1087 3499 Tox.
1100 3444 1133 3500 37
1145 3444 1215 3511 (737,
1230 3441 1318 3510 1-2)

106 3519 181 3584 ὅστις
199 3521 234 3580 ἂν
252 3524 407 3598 πολύφιλος
423 3523 455 3602 ᾖ,
474 3527 572 3601 ὅμοιος
589 3529 656 3605 ἡμῖν
681 3533 761 3587 δοκεῖ
781 3538 840 3595 ταῖς
862 3540 970 3593 κοιναῖς
993 3530 1103 3592 ταύταις
1126 3535 1173 3586 aut
1189 3547 1321 3604 μοιχευο-

105 3613 202 3683 adnare
219 3617 357 3683 γυναιξίν.
397 3619 468 3688 Περὶ
484 3623 548 3672 πολ.
566 3638 589 3673 c.
603 3624 639 3674 lll
651 3625 687 3674 in.
708 3621 760 3691 οὐχ
778 3619 864 3688 ὥσπερ
887 3623 939 3675 νῦν
957 3623 1056 3675 πολλολ
1075 3624 1154 3691 φίλοι
1175 3615 1321 3688 λεγόμενοι

106 3697 273 3769 συμπιόντες
291 3699 381 3771 ἅπαξ,
405 3702 422 3772 ἢ
442 3712 674 3776 συσφαιρλσανιες
756 3712 823 3767 Tox.
836 3710 870 3764 37
881 3709 1077 3776 (esame—tt)
1160 3703 1318 3779 ποιούμεθα

105 3783 169 3845 τούς
181 3790 288 3858 φίλους,
308 3789 360 3843 οὐκ
374 3791 404 3845 λιι
417 3793 472 3849 τῶν
486 3790 685 3866 atravatense
701 3792 785 3867 ὑμεῖς,
803 3791 897 3850 οὐιλίλ
913 3793 1070 3867 συνέφηβός
1087 3815 1126 3854 τις
1138 3831 1145 3845 .
1156 3833 1162 3844 .
1174 3835 1179 3848 .
1193 3796 1225 3847 cf.
1239 3797 1318 3847 etiam

106 3875 170 3941 περὶ
188 3876 250 3925 πολ.
271 3893 297 3942 p.
311 3876 344 3931 95
357 3896 380 3929 e.
400 3876 493 3949 ὥσπερ
514 3876 564 3935 οὖν
583 3877 596 3933 ὁ
616 3879 758 3953 Βριάρεως
771 3924 776 3936 .
790 3923 796 3936 .
809 3923 830 3948 .,
850 3891 876 3936 et
894 3887 960 3936 Tox.
977 3884 1012 3937 62
1026 3882 1097 3948 (247,
1111 3883 1144 3937 11
1158 3885 1235 3949 seq).
1277 3882 1317 3933 De

105 3959 186 4013 verbo
204 3962 386 4032 καλαμᾶσθαι
405 3986 485 4037 supra
502 3972 556 4022 iam
574 3971 673 4023 dictum
691 3981 731 4024 est
750 3975 785 4039 (p.
797 3972 850 4039 74).

176 4049 266 4115 Neque
284 4053 312 4102 in
330 4053 377 4116 eir,
397 4071 464 4120 quae
481 4056 637 4111 Abanoham
657 4058 689 4112 61
702 4057 772 4124 (246,
783 4059 818 4113 32
831 4062 897 4126 seq.)
916 4060 1045 4111 dicentem
1063 4060 1128 4112 t'aeit
1146 4061 1257 4127 scriptor
1275 4058 1316 4108 sui

104 4141 207 4188 tantum
226 4139 322 4190 similis
336 4146 375 4191 est
387 4140 541 4209 (originall),
554 4162 689 4212 perperam
709 4151 797 4198 autem
808 4162 839 4198 ea
857 4163 981 4214 expressa
993 4163 1052 4199 esse
1062 4163 1142 4213 supra
1161 4148 1197 4213 (p.
1207 4145 1242 4200 32
1251 4146 1316 4209 seq.)

104 4219 311 4278 demonstre'ttum
325 4233 372 4284 est.
405 4230 493 4296 Atque
504 4248 659 4298 persuasum
671 4235 738 4286 mihi
756 4241 804 4298 est,
824 4237 848 4286 si
866 4238 927 4302 quis
946 4251 987 4287 me
1007 4236 1106 4288 doctior
1124 4233 1157 4286 ad
1176 4233 1245 4284 hano
1263 4246 1316 4283 rem

103 4312 317 4381 investigandam
336 4331 460 4384 agressus
479 4319 528 4382 sit,
556 4335 616 4371 eum
634 4322 872 4377 demonstraturum
890 4340 960 4388 esse,
983 4324 1053 4375 unde
1071 4322 1172 4385 omnia,
1191 4334 1258 4386 quae
1276 4317 1316 4380 lu·

104 4398 211 4452 culenta
223 4402 348 4458 ridentur
359 4420 425 4470 esse,
445 4406 560 4473 scriptor
576 4409 678 4462 matus
696 4411 821 4477 pleraque
838 4413 867 4463 in
886 4411 1000 4463 deterius
1018 4416 1065 4462 aut
1077 4408 1181 4460 auxerit
1198 4408 1246 4458 ciat
1263 4408 1316 4477 oni·

103 4486 169 4540 nino
187 4486 330 4544 detorserit.
1273 4496 1276 4501 ’
1303 4514 1306 4519 ·
