2856 4906
679 237 718 302 13

91 409 192 472 deco
219 418 391 487 certantes,
420 408 518 471 utrius
540 405 677 496 populus
705 407 734 470 in
759 403 891 470 amicitia
920 397 1133 478 antecelleret,
1162 408 1192 464 et
1213 423 1303 488 prae-

91 526 209 582 stantes
233 516 431 606 popularium
455 537 584 580 suorum
615 517 734 581 amicos
759 512 967 603 producentes
990 510 1120 587 faceret,
1150 507 1227 573 tales
1249 520 1303 577 aut

91 626 246 705 ficturum,
269 635 324 689 aut
346 628 370 690 si
395 647 544 713 umquam
568 625 708 702 fuissent,
738 622 912 688 electurum
935 621 1039 697 fuisse,
1062 615 1172 705 quales
1197 616 1303 683 Dinias

92 746 123 800 et
147 733 340 824 Agathocles
363 745 445 798 sunt,
491 731 575 798 Nam
606 734 725 798 etiamsi
755 733 823 820 quis
851 740 945 818 neget
971 751 1082 792 verum
1105 749 1188 807 esse,
1221 727 1305 814 quod

92 843 267 933 philosophi
291 843 451 922 disserant,
475 844 588 907 virtute
612 844 748 906 maxime
771 840 911 905 homines
935 836 1015 902 allici
1039 835 1076 901 ad
1101 836 1303 925 diligendum,

92 956 133 1017 ita
162 962 196 1016 ut
225 953 317 1016 etiam
347 954 425 1017 inter
457 951 557 1017 malos
588 972 650 1017 non
679 949 794 1015 malitia
828 949 883 1013 sed
912 947 1136 1036 significatione
1167 945 1303 1034 quadam

93 1062 251 1149 probitatis
275 1059 489 1124 benevolentia
515 1061 681 1139 exoriatur,
710 1058 846 1148 aliquam
869 1068 976 1123 tamen
999 1079 1126 1122 causam
1152 1057 1304 1123 concedat

93 1191 163 1233 esse
186 1178 344 1257 oportere,
374 1192 430 1233 cur
453 1155 698 1256 quis'diligatur.
744 1168 777 1233 ln
803 1168 894 1233 Dinia
920 1190 997 1233 vero
1026 1169 1099 1256 quid
1126 1166 1220 1245 inest,
1249 1187 1306 1231 cur

93 1288 216 1342 ametur
240 1278 278 1340 ab
302 1276 504 1364 Agathocle?
540 1277 685 1343 Profecto
708 1276 789 1343 nibil.
836 1275 1028 1365 Agathocles
1050 1298 1127 1340 vero
1150 1296 1211 1340 non
1234 1274 1304 1341 ideo

93 1386 206 1464 solum,
237 1385 321 1474 quod
343 1386 500 1451 bominem
524 1387 657 1453 amicitia
680 1387 840 1474 indignum
865 1386 970 1473 diligit,
993 1383 1108 1450 stultus
1131 1385 1235 1473 potius
1259 1393 1306 1450 at·

93 1518 155 1584 que
176 1493 360 1575 imbecillus,
390 1519 485 1583 quam
509 1519 602 1560 verus
627 1496 746 1559 amicus
769 1495 974 1584 appellandus
998 1504 1055 1573 est,
1082 1497 1137 1558 sed
1161 1494 1307 1561 omnibus

92 1607 122 1668 in
146 1603 290 1677 rebusse
314 1605 503 1691 singularem
526 1615 620 1692 atque
644 1600 885 1694 praeposterum
897 1605 1052 1670 bominem
1065 1604 1202 1694 praebet.
1228 1602 1306 1671 Par-

94 1717 191 1802 ticeps
219 1722 267 1777 est
302 1714 383 1778 enim
412 1715 682 1794 comissationum,
716 1735 788 1778 cum
820 1713 1021 1801 nequaquam
1050 1714 1110 1779 hac
1145 1713 1308 1802 voluptate

94 1823 281 1900 oblectetur,
311 1821 435 1887 Diniam
463 1824 634 1911 vituperat,
663 1823 746 1910 quod
769 1847 834 1888 rem
862 1823 1044 1888 familiarem
1067 1823 1246 1912 profundat,
1275 1830 1307 1887 et

93 1943 215 2012 tamen,
247 1955 320 1996 cum
354 1932 379 1995 is
413 1932 607 2018 consumptis
636 1933 740 2019 patriis
769 1932 856 1998 bonis
887 1933 925 1996 ad
956 1956 1027 1996 cunr
1057 1932 1232 2019 confugiat,
1266 1953 1305 1997 ne

94 2051 225 2105 conatur
248 2040 373 2126 quidem
398 2042 533 2104 amicum
560 2042 599 2104 ad
623 2041 786 2106 sanitatem
810 2042 973 2122 reducere,
1001 2039 1058 2105 sed
1081 2049 1115 2105 ut
1136 2042 1162 2104 is
1186 2039 1308 2106 adulte·

95 2172 163 2213 rare
185 2151 291 2236 possit,
314 2149 380 2236 ipse
397 2148 524 2214 domum
549 2159 670 2238 apatre
691 2150 828 2215 relictam
849 2150 954 2215 vendit
970 2152 999 2232 ³¹⁴)
1024 2151 1307 2239 patrimoniumque

94 2280 187 2321 suum
203 2257 313 2345 perdit:
338 2261 445 2346 quain
462 2282 494 2323 re
511 2262 604 2325 etiam
620 2263 721 2348 magis
738 2283 832 2347 quam
851 2260 958 2324 Diniae
975 2260 1096 2324 videtur
1113 2281 1184 2323 esse
1200 2280 1305 2346 repre-

93 2365 292 2447 hendendus3
316 2367 342 2430 is
367 2369 448 2432 enim
468 2367 592 2434 libidine
614 2372 655 2435 ita
674 2370 799 2457 flagrat,
823 2379 857 2433 ut
878 2368 1103 2433 consuetudine
1121 2367 1306 2432 Cbaricleae

94 2479 234 2566 privatus
258 2500 297 2541 ne
324 2480 430 2542 vivere
454 2478 578 2565 quidem
609 2480 697 2558 velit,
725 2490 820 2567 atque
842 2477 1010 2566 cupiditate
1039 2486 1227 2543 occaecatus
1251 2485 1308 2556 est,

95 2584 288 2672 Agathocles
310 2609 401 2665 vero,
425 2589 476 2674 qui
499 2591 617 2675 integra
641 2598 688 2653 est
711 2597 824 2665 mente,
851 2589 875 2651 si
898 2586 982 2652 nulla
1007 2586 1212 2664 conscientia,
1236 2609 1309 2673 pru·

96 2696 199 2759 dentia
222 2694 332 2760 saltem
356 2697 475 2760 retineri
501 2697 606 2776 debet,
635 2699 801 2784 quominus
825 2699 924 2762 amico
953 2698 1165 2784 morigeretur.
1210 2693 1309 2761 Prae-

95 2804 200 2869 videre
236 2808 316 2872 enim
345 2816 451 2896 potest
480 2808 561 2886 lore,
604 2816 639 2871 ut
666 2809 758 2871 etiam
788 2808 812 2870 si
846 2807 948 2870 omnia
984 2806 1063 2870 bene
1090 2805 1309 2894 processerint,

96 2918 227 2981 amicus*
257 2917 351 2981 etiam
388 2917 484 3004 ipsius
524 2939 556 2979 re
596 2915 735 2981 familiari
769 2915 917 3004 dissipata
954 2915 1055 2981 denuo
1089 2916 1118 2980 in
1153 2915 1309 2983 miseriam

95 3027 218 3092 incidat.
527 3104 537 3115 f

182 3134 215 3199 ln
243 3134 372 3223 singulis
407 3145 513 3199 autem
541 3133 717 3199 enarrandis
746 3133 845 3200 multa
877 3145 1009 3223 peccata
1036 3144 1118 3200 sunt.
1166 3134 1308 3200 Primum

98 3241 196 3308 e.Xll
216 3245 300 3325 (226,
315 3243 366 3324 15)
389 3241 498 3306 Dinias
523 3243 633 3308 dicitur
646 3242 854 3331 Agathoclem
881 3265 942 3308 non
965 3242 1061 3333 pluris
1082 3225 1193 3310 fecisse
1215 3267 1309 3333 quam

97 3361 219 3417 ceteros
243 3351 431 3433 adulatores,
455 3351 526 3416 huic
544 3361 647 3416 tamen
663 3353 707 3417 rei
724 3364 877 3440 repugnat
897 3350 967 3434 boc,
992 3355 1074 3440 quod
1089 3363 1199 3442 postea
1225 3354 1311 3435 (226,

99 3462 237 3544 19-20)
262 3462 384 3528 additur
405 3458 510 3546 μόνος
530 3457 599 3546 μετ’
618 3457 750 3528 ἐκείνων
772 3458 920 3546 ἐκώμαζε
938 3458 1120 3531 λανθάνειν
1142 3458 1310 3551 πειρώμε-

97 3598 154 3651 νος
174 3571 233 3640 τὸν
249 3568 473 3659 Ἀγαθοκλέα.
1288 3636 1291 3641 .

182 3682 266 3746 Tum
290 3683 383 3747 etiam
414 3681 475 3747 boc
499 3682 601 3770 inepto
622 3680 730 3745 fictum
753 3690 816 3758 est,
845 3681 929 3769 quod
952 3682 1076 3770 parasiti
1098 3682 1127 3746 id
1151 3683 1308 3746 studuisse

98 3800 273 3869 narrantur,
309 3801 343 3856 ut
370 3813 477 3855 amore
505 3789 689 3855 Charicleae
708 3789 821 3856 ·Dinias
848 3791 1072 3856 incenderetur.
1121 3787 1205 3855 Nam
1233 3813 1307 3856 cum

98 3919 207 3963 eorum
229 3899 406 3980 interesset,
436 3910 470 3965 ut
492 3900 549 3989 ipsi
572 3922 667 3986 quam
691 3901 844 3965 maximas
874 3900 912 3965 ab
936 3922 973 3965 eo
1003 3900 1134 3990 praedas
1163 3903 1310 3983 facerent,

97 4006 193 4073 stulte
221 4007 370 4095 agebant,
404 4011 429 4074 si
458 4010 577 4074 sociam
605 4006 681 4074 lucri
711 4008 792 4074 ultro
821 4011 1021 4097 quaerebant.
1064 4010 1189 4094 Quanto
1219 4014 1312 4101 igitur

98 4118 212 4183 rectius
235 4116 383 4206 Alcipbro
406 4119 443 4201 (l.
462 4117 499 4184 lll
519 4141 566 4206 ep.
583 4118 654 4202 50.)
679 4115 893 4206 Bucopnicten
922 4118 1116 4186 adulatorem
1138 4123 1211 4188 facit
1234 4143 1310 4208 que-

97 4241 298 4252 *-

168 4299 195 4365 *)
223 4301 281 4351 Non
300 4306 369 4349 recte
387 4300 420 4362 is,
438 4301 483 4364 qui
501 4300 555 4350 illis
574 4298 737 4365 temporibus
757 4298 861 4348 domum
880 4301 960 4350 trium
979 4302 1107 4352 talentum
1125 4302 1208 4367 pretio
1226 4300 1310 4363 posei-

100 4384 186 4448 debat,
206 4385 258 4437 dici
277 4387 381 4437 videtur
399 4401 423 4437 c.
437 4385 489 4436 XII
507 4385 579 4450 (226,
591 4388 685 4451 7-8)
704 4382 789 4438 οὐδὲν
800 4388 918 4454 Σαμίων
936 4387 990 4440 τῶν
1009 4388 1120 4441 πολλῶν
1140 4382 1264 4454 ἀμείνων
1283 4386 1310 4445 ἐς

97 4466 146 4534 τὴν
163 4474 335 4536 περιουσίαν.
