2856 4906
657 218 701 286 9³

75 397 221 485 rigare,
244 402 299 461 aut
320 413 430 461 ansam
452 391 482 457 ei
495 387 615 458 Aeliani
637 389 741 456 verbis
763 409 834 457 cose
855 385 962 455 domm
981 381 1022 451 ad
1039 383 1099 451 ista
1120 381 1160 451 de
1175 383 1286 453 hlach·

75 506 180 595 lyibus
202 501 477 572 comminiscendo.
509 503 613 589 Atque
634 499 747 565 iterum
769 518 894 579 moneo,
915 494 1086 564 tenendum
1108 492 1185 561 illud
1206 516 1288 577 esse,

75 613 151 684 nihil
177 636 279 705 paene
309 612 491 702 scriptorem
517 610 622 701 ipsum
649 616 813 699 expertum
839 608 994 698 prolerre,
1028 605 1084 672 red
1114 627 1195 696 quae
1222 626 1286 674 non

75 724 169 816 plane
196 723 310 813 lingat,
344 745 381 789 ea
409 744 449 788 ex
481 719 613 787 aliorum
639 717 723 786 libris
752 741 876 785 sumere
898 718 940 784 ita
963 726 1082 798 tamen,
1115 725 1150 782 ut
1172 739 1209 784 ea
1233 724 1288 784 aut

74 836 196 903 inscitia
219 842 273 899 aut
296 830 439 899 consulto
463 830 656 920 detorqueat.

160 947 252 1031 Quae
280 965 353 1010 cum
381 943 422 1007 ita
454 943 528 1023 sint,
561 963 601 1007 ne
622 938 653 1005 id
677 937 803 1029 quidem
826 937 925 1004 conici
949 946 1067 1027 potest,
1100 939 1286 1029 scriptorem

76 1063 147 1121 ante
170 1053 298 1120 alteram
321 1053 423 1142 quarti
448 1048 567 1118 saeculi
593 1058 715 1140 partem
736 1049 851 1130 luisse,
878 1067 941 1136 quo
962 1054 1103 1136 tempore
1124 1046 1284 1139 Bospora-

75 1186 186 1232 norum
210 1185 343 1254 regnum
365 1148 505 1228 nondum
531 1161 720 1227 exstinctum
740 1159 846 1240 fuerit,
875 1179 950 1224 nam
969 1153 1088 1246 lingere
1111 1176 1169 1222 sua
1189 1156 1283 1225 etiam

73 1296 148 1342 curn
174 1273 205 1340 id
232 1275 296 1339 iam
322 1271 477 1338 interisset
505 1271 622 1360 potuit,
651 1292 753 1358 neque
780 1265 949 1334 verisimile
977 1275 1039 1349 est,
1066 1287 1141 1333 eum
1168 1266 1194 1331 si
1221 1287 1284 1335 non

73 1381 174 1451 multo
193 1390 269 1475 post
289 1383 447 1450 interitum
469 1381 556 1472 regni
578 1379 754 1471 Bosporani
776 1377 881 1459 luerit,
909 1376 1078 1467 quicquam
1106 1375 1145 1444 dc
1167 1377 1228 1445 hac
1249 1399 1284 1447 re

74 1493 272 1585 cognovisse.

159 1601 275 1692 Neque
298 1623 339 1667 ex
366 1600 620 1668 commemoratis
641 1595 750 1666 Alanis
774 1597 879 1690 colligi
901 1609 1020 1691 potest,
1048 1622 1122 1668 eum
1145 1608 1285 1668 extremo

76 1715 167 1781 tertio
191 1710 319 1779 saeculo
343 1719 398 1778 aut
418 1720 491 1801 post
512 1710 575 1777 hoc
597 1719 721 1800 tempus
742 1709 854 1793 luisse3
876 1733 951 1778 nam
975 1733 1048 1780 cum
1065 1708 1156 1777 Alani
1177 1733 1196 1776 a
1217 1708 1286 1802 ple·

80 1825 193 1914 risque.
208 1820 408 1912 scriptoribus
432 1831 486 1887 aut
501 1818 641 1909 Scythae
661 1828 716 1884 aut
731 1817 924 1908 Scytharum
938 1823 1175 1909 (Asiaticorum)
1197 1821 1289 1890 vicini

75 1956 146 1999 esse
163 1933 314 2012 dicantur,
335 1930 426 1998 lacile
447 1931 552 1998 induci
572 1929 682 2020 potuit,
704 1940 739 1996 ut
754 1952 808 1996 eos
825 1930 864 1997 ad
879 1930 985 1999 lacum
1000 1930 1171 2000 Maeotium
1187 1940 1287 1999 trans-

75 2045 179 2124 ferret,
201 2041 410 2131 finitimosque
427 2038 554 2130 Scythis
568 2039 740 2131 Europaeis
758 2064 829 2109 csse
852 2041 968 2109 diceret
990 2064 1027 2109 eo
1050 2052 1199 2132 tempore,
1222 2061 1285 2132 quo

75 2154 107 2219 in
130 2152 263 2240 antiquis
285 2151 411 2219 sedibus
433 2149 671 2242 permanebant,
702 2154 885 2242 praesertim
913 2175 986 2219 cum
1009 2162 1171 2220 auctorem
1192 2150 1287 2219 huius

78 2263 189 2329 erroris
212 2264 274 2329 iam
296 2261 466 2353 Iosephum
487 2260 616 2329 baberet
628 2261 663 2350 ¹).
716 2260 801 2329 Dicit
823 2261 947 2343 quidem
970 2261 1134 2329 Toxaridis
1155 2262 1288 2353 scriptor

74 2375 165 2463 quasi
188 2373 226 2440 ‹le
237 2371 344 2439 Alanis
361 2383 445 2440 certa
462 2374 548 2455 sciat,
571 2368 776 2457 ὁμοσκείους
797 2373 841 2438 eis
857 2382 887 2438 et
903 2367 1135 2460 ὁμογλώττους
1145 2371 1284 2461 Scythas

75 2507 146 2551 esse
171 2485 260 2572 [obl
277 2483 362 2567 (aaa,
376 2483 542 2570 29-30)],
565 2482 619 2548 sed
642 2483 721 2550 baec
744 2481 836 2573 plane
858 2481 937 2549 falsa
960 2491 1046 2565 sunt3
1068 2506 1141 2550 nam
1162 2482 1285 2569 Alani')

76 2595 219 2684 „proceri
241 2616 342 2684 paene
364 2615 473 2660 omnes
497 2602 584 2659 erant
606 2601 638 2659 et
658 2591 789 2682 pulchri,
811 2592 947 2661 crinibus
968 2594 1163 2661 mediocriter
1183 2594 1284 2679 flavis,

78 2703 243 2771 oculorum
265 2713 436 2796 temperata
458 2704 603 2770 torvitate
625 2701 804 2785 terribiles“,
825 2703 966 2793 Scythae
988 2715 1093 2771 autem
1109 2703 1282 2797 hlongoli³)

74 2837 177 2903 neque
198 2815 320 2904 proceri
342 2835 446 2903 neque
466 2813 589 2905 pulchri
611 2821 707 2879 erant.
758 2811 928 2881 internosci
955 2824 1060 2882 tamen
1082 2837 1144 2882 non
1167 2824 1282 2908 potest,

73 2934 180 2993 utrum
207 2924 356 2991 erraverit
383 2925 456 3012 quia
483 2922 573 2991 Alani
602 2947 619 2990 a
648 2921 778 2992 Graecis
806 2919 838 2993 et
865 2924 1016 2992 Romanis
1042 2924 1183 3014 Scythae
1211 2949 1282 2994 essa

74 3036 282 3115 crederentur,
303 3035 371 3125 ipse
387 3044 492 3101 autem
507 3033 645 3123 Scythas
660 3035 722 3098 iam
737 3056 800 3100 non
823 3035 1015 3124 cognoverit,
1038 3057 1078 3101 an
1102 3036 1173 3126 quia
1189 3035 1282 3103 etiam

76 3143 193 3213 Alanos
215 3166 278 3212 non
301 3145 402 3234 magis
425 3166 576 3232 umquam
600 3164 696 3232 quam
718 3140 857 3231 Scythas
878 3143 996 3210 viderit.

161 3252 307 3343 Denique
327 3255 508 3342 investigari
535 3276 596 3322 non
620 3263 726 3349 potest
749 3253 924 3320 Amastrine
952 3276 1104 3346 umquam
1125 3251 1192 3321 ludi
1212 3252 1282 3346 gla-

73 3363 193 3433 diatorii
216 3365 290 3430 lacti
313 3365 382 3445 sint,
406 3364 489 3453 quod
509 3387 602 3432 nemo
625 3364 665 3463 yle
685 3362 747 3430 hac
768 3386 802 3430 re
825 3363 995 3452 quicquam
1016 3365 1186 3430 memoriae
1208 3387 1281 3455 pro·

71 3473 162 3558 didit;
195 3497 299 3564 neque
331 3474 393 3540 hoc
422 3496 613 3565 magnopere
646 3473 685 3540 ad
718 3483 859 3541 nostram
892 3473 1106 3562 quaestionem
1138 3476 1282 3566 pertinet,

72 3608 149 3654 cum
173 3562 221 3668 ea,
244 3607 325 3674 quae
348 3582 555 3651 dcToxaride
578 3593 673 3673 atque
695 3583 734 3650 de
747 3584 871 3651 Sisinne
893 3593 1064 3667 narrantur,
1087 3608 1188 3677 aeque
1209 3587 1283 3661 ficta

72 3697 134 3763 sint
157 3718 197 3762 ac
218 3694 347 3785 reliqua.
382 3692 456 3760 hlihi
479 3704 584 3760 autem
606 3694 739 3784 scriptor
752 3694 876 3761 videtur
896 3692 966 3759 ideo
988 3693 1070 3760 hanc
1083 3697 1281 3786 potissimum

71 3807 183 3872 urbem
205 3803 355 3895 elegisse,
377 3804 408 3870 in
431 3804 519 3870 cuius
540 3811 666 3894 portum
686 3801 824 3893 Scythas
847 3802 960 3896 quibus
975 3803 1115 3872 Athenas
1137 3807 1195 3875 iter
1215 3819 1282 3879 erat

69 3916 221 3983 intrantes
243 3916 375 3996 laceret,
409 3914 493 4006 quod
515 3913 599 4005 apud
621 3912 798 3981 Lucianum
821 3911 924 3998 (Alex.
940 3914 983 3980 57
998 3914 1052 4000 in.)
1074 3916 1170 4008 legati
1192 3921 1280 4012 'regis

69 4119 272 4135 ——m

147 4221 167 4292 ¹)
186 4225 253 4277 Bell.
273 4223 330 4276 lud.
349 4224 407 4289 Vll,
426 4222 451 4288 7,
472 4225 494 4286 ἐ.
506 4222 532 4276 4.
568 4226 712 4278 Amstalod.
733 4226 772 4277 ed·
791 4225 966 4295 Hoveroamp.
985 4229 1018 4294 ll,
1036 4245 1063 4296 p.
1072 4227 1134 4282 421.

70 4354 74 4361 .
144 4313 164 4378 ⁷)
184 4314 313 4364 Ammion.
332 4311 451 4364 Marcell,
470 4312 573 4376 xxxi,
591 4312 617 4380 2,
636 4314 677 4367 ed.
695 4314 798 4367 Ernest.
817 4315 890 4385 Lips.
909 4311 978 4367 1773
995 4330 1021 4380 p.
1031 4314 1092 4380 509,
1103 4333 1129 4369 v,
1139 4317 1165 4371 6.

143 4399 164 4465 ³)
184 4400 225 4453 Gt.
243 4401 335 4453 Neum.
355 4400 373 4450 l.
392 4416 415 4451 a
435 4397 596 4464 ror-322,
624 4418 710 4469 aquo
735 4409 838 4456 tuntum
859 4403 888 4453 in
905 4401 995 4468 parvis
1019 4402 1178 4468 quibusdam
1199 4403 1278 4461 robus

69 4489 208 4553 dissentio,
227 4504 294 4555 quae
311 4490 340 4540 in
358 4487 427 4541 banc
445 4487 623 4555 quaestionem
639 4505 692 4541 non
711 4489 817 4543 cadunt.
