2856 4906
700 229 748 295 33

198 394 389 488 Tumquse
411 395 582 465 Abauehas
605 400 814 490 vituperatus,
846 399 930 487 quod
953 400 1138 490 posthabitis
1167 425 1266 472 uxore
1294 418 1326 474 et

112 504 216 576 liberis
239 511 377 577 amicum
400 529 440 574 ex
459 507 594 575 flammis
618 511 778 600 eripuerit,
801 509 984 598 respondet,
1007 533 1090 578 nova
1114 514 1239 601 quidem
1262 539 1326 584 non

112 629 201 701 sunt,
230 620 288 686 sed
309 622 412 709 inepte
435 641 451 684 a
476 617 642 685 Toxaridis
670 621 821 710 scriptore
844 620 974 686 detorta.
1020 620 1198 704 „Liberos“‚
1227 626 1326 714 inquit

111 728 293 809 Abaucbas,
317 729 429 810 „etiam
450 729 584 818 posthac
603 751 769 819 procreare
792 729 884 796 t'acile
907 731 980 796 mibi
1004 739 1072 796 est“
1096 732 1135 819 [c.
1151 732 1225 800 LXI
1249 738 1324 815 (246

111 838 154 903 32
169 846 285 929 seqq.):
316 835 402 908 dilui
424 841 553 921 παῖδας
572 841 634 924 μὲν
661 834 718 910 καὶ
741 834 846 920 αὖθις
867 836 1088 929 ποιήσασθαί
1107 869 1168 928 μοι
1191 843 1321 936 ῥᾴδιον]

112 969 234 1037 „neque
257 961 398 1040 apparet,
428 974 504 1016 num
528 952 600 1017 boni
624 954 657 1018 bi
679 952 772 1017 loturi
796 954 875 1017 sint“
899 951 973 1034 (καὶ
995 945 1120 1041 ἄδηλον
1142 952 1172 1022 εἰ
1195 952 1324 1044 ἀγαθοὶ

113 1053 245 1128 ἔσονται
265 1049 382 1147 οὗτοι).
428 1061 522 1128 Patet
543 1071 649 1127 autem
671 1062 854 1151 pronomine
877 1053 997 1146 (οὗτοι)
1021 1085 1076 1128 eos
1104 1073 1225 1132 tantum
1246 1067 1323 1134 libe-

111 1188 163 1234 ros
191 1171 356 1262 significari
384 1192 495 1260 posse,
525 1192 604 1259 quos
631 1193 796 1260 procreare
824 1171 915 1238 facile
946 1173 1003 1238 sibi
1025 1196 1097 1237 esse
1120 1173 1219 1255 dicat,
1248 1201 1321 1247 nam

110 1298 184 1344 cum
207 1279 268 1346 lilio
290 1281 406 1346 amisso
428 1279 495 1347 sola
513 1280 615 1370 puella
629 1280 800 1348 Abaucbae
823 1280 930 1348 relicta
952 1292 1044 1364 esset,
1068 1273 1163 1353 οὗτοι
1185 1285 1223 1351 ad
1244 1284 1322 1354 libe-

109 1409 162 1454 ros
179 1410 258 1476 quos
276 1389 426 1473 habebat,
443 1392 547 1458 reterri
568 1397 683 1480 nequit.
708 1392 800 1479 Atqui
816 1391 887 1472 boc,
910 1415 972 1459 non
994 1403 1110 1483 patere,
1134 1418 1209 1462 num
1225 1394 1321 1479 liberi,

110 1517 190 1586 quos
206 1501 275 1587 quis
289 1510 512 1588 procreaturus
530 1501 576 1582 sit,
600 1502 671 1568 boni
688 1503 811 1569 evasuri
828 1502 898 1583 sint,
913 1510 997 1567 recte
1013 1501 1130 1569 diceret
1140 1505 1322 1590 Abauchas‚

109 1609 135 1674 si
159 1611 198 1674 de
221 1630 258 1674 eo
282 1619 444 1698 ageretur,
474 1620 580 1678 utrum
602 1611 705 1678 liberis
728 1632 824 1701 opera
847 1612 949 1676 danda
979 1622 1063 1677 esset
1085 1634 1144 1678 nec
1166 1635 1219 1693 ne,
1247 1638 1321 1682 cum

110 1726 217 1784 autem
239 1721 440 1810 vituperetur,
463 1721 548 1811 quod
571 1720 690 1800 liberis,
713 1743 793 1810 quos
816 1722 878 1787 iam
902 1718 1052 1802 habebnt,
1075 1723 1211 1788 amicum
1235 1734 1322 1790 ante·

108 1831 261 1917 posuerit,
283 1842 521 1921 praeposterum
544 1833 611 1897 eius
634 1853 819 1920 responsum
843 1840 900 1897 est.
936 1827 1223 1921 Neglegentissime
1245 1857 1321 1926 ergo

107 1937 175 2004 illa:
208 1935 295 2009 ἀλλὰ
322 1945 449 2022 παῖδας
477 1993 486 2010 .
510 1993 518 2009 .
545 1994 553 2010 .
588 1939 722 2010 ἔσονται
751 1931 847 2009 οὗτοι
876 1942 990 2031 scripta
1019 1952 1106 2022 sunt,
1141 1965 1213 2009 cum
1243 1946 1321 2010 baec

107 2050 212 2137 patius
235 2052 326 2119 scribi
349 2062 519 2142 oporteret:
543 2049 630 2121 ἀλλὰ
653 2055 775 2132 παῖδες
796 2053 858 2136 μὲν
880 2048 911 2117 ei
933 2047 1063 2138 ἀγαθοὶ
1085 2050 1214 2121 ἔσοιντο
1238 2048 1320 2143 ἅδη-

108 2161 178 2243 lov,
200 2163 258 2229 uui
280 2155 404 2244 ἄλλους
418 2156 524 2244 αὖθις
543 2161 764 2254 ποιήσασθαι
783 2188 844 2247 μοι
866 2158 995 2252 ῥᾴδιον,
1019 2186 1100 2250 quae
1121 2165 1320 2232 etiamsinon

107 2270 341 2363 elegantissime
363 2275 517 2355 dicuntur,
540 2283 645 2341 tamen
669 2274 855 2341 sententiam
878 2295 988 2338 sanam
1012 2273 1169 2361 praebent.

192 2381 321 2451 Praeter
343 2407 390 2466 ea,
414 2407 496 2472 quae
517 2383 616 2466 attuli,
637 2385 697 2450 alia
721 2384 814 2449 etiarn
829 2391 884 2447 aut
904 2381 987 2447 male
1002 2381 1151 2471 disposita
1167 2395 1220 2449 aut
1236 2394 1321 2451 certe

110 2490 188 2558 dura
216 2493 248 2560 in
271 2491 428 2560 Taxaride
457 2492 583 2583 dialogo
607 2495 817 2584 reperiuntur,
846 2502 941 2580 atque
964 2493 1089 2557 omnino
1117 2492 1167 2556 vel
1191 2516 1208 2558 a
1233 2514 1320 2558 com·

108 2602 195 2668 muni
215 2600 425 2692 intellegentia
448 2602 499 2669 vel
528 2627 546 2668 a
569 2603 796 2671 consuetudine
822 2603 974 2668 sermonis
1003 2598 1198 2666 abhorrentia
1220 2602 1320 2692 plura,

109 2733 206 2801 quam
229 2734 382 2801 umquam
405 2712 489 2804 apud
513 2713 655 2780 Graecos
679 2714 845 2802 scriptores
868 2711 939 2800 legi,
961 2713 990 2777 in
1014 2732 1052 2775 eo
1075 2712 1188 2776 insunt.
1218 2710 1318 2779 Omit-

107 2823 201 2892 tenda
224 2832 328 2890 tamen
347 2823 503 2912 quaedam
519 2833 616 2906 erant,
639 2846 679 2890 ne
693 2825 782 2889 nimis
797 2821 861 2889 lata
877 2821 1099 2885 commentatio
1116 2831 1208 2886 esset.
1242 2822 1320 2906 Qui·

105 2932 166 3001 bus
181 2956 257 3000 vero
280 2934 342 3000 iam
366 2956 413 3015 ea,
436 2956 519 3022 quae
540 2935 683 3024 exposui,
704 2934 798 3000 nimia
821 2954 893 2998 esse
907 2929 1063 3008 videntur,
1086 2931 1113 2995 ei
1129 2932 1317 3020 expendant,

107 3066 322 3134 quamsaepe
349 3043 388 3109 de
411 3043 541 3110 subditis
569 3043 653 3109 libris
676 3044 837 3131 opiniones
863 3038 1024 3107 hominum
1048 3039 1213 3106 doctorum
1240 3042 1318 3106 inter·

106 3175 142 3218 se
164 3154 347 3233 dissideant,
369 3176 531 3241 quamque
552 3161 718 3242 propterea
741 3149 904 3240 diligenter
925 3173 975 3217 res
997 3150 1070 3217 milri
1093 3149 1317 3239 perscrutanda

107 3269 205 3351 atque
226 3262 443 3352 pertractanda
475 3264 581 3343 luerit,
610 3270 644 3328 ut
673 3262 857 3326 sententiam
886 3283 989 3326 mearn
1016 3260 1174 3340 omnibus,
1202 3261 1227 3324 si
1255 3258 1318 3325 [ieri

105 3383 229 3462 posset,
256 3371 431 3463 probarem.
475 3372 546 3440 Hoc
568 3394 644 3438 vero
668 3393 719 3436 me
741 3371 804 3435 iam
827 3379 1009 3436 assecutum
1033 3392 1103 3434 esse
1126 3391 1233 3458 spero,
1261 3391 1316 3433 ne-

106 3505 170 3572 que
191 3483 272 3551 bene
293 3506 406 3550 sanum
429 3483 556 3572 quidem
579 3503 771 3571 quemquam
794 3478 927 3569 posthac
950 3479 1089 3544 futurum
1113 3501 1198 3558 esse,
1222 3479 1274 3566 qui
1297 3501 1315 3542 a
1395 3464 1397 3469 ’

104 3614 159 3661 me
186 3593 355 3660 dissentiat.
405 3594 469 3660 Sed
497 3615 571 3660 curn
598 3591 722 3658 videam
756 3590 853 3655 tuisse
880 3591 957 3670 iam,
991 3590 1043 3676 qui
1072 3588 1205 3677 opinioni
1240 3611 1316 3654 suae

105 3700 282 3771 labefactae
316 3699 540 3770 adminiculum
568 3709 754 3790 quaerentes
789 3697 951 3789 dialogum
986 3721 1004 3763 a
1032 3697 1172 3763 Lucieno
1202 3698 1315 3762 iuvene

105 3812 257 3901 scriptum
286 3836 356 3879 esse
378 3813 529 3892 dicerent,
557 3833 660 3898 neque
688 3807 891 3875 dubitandum
920 3810 974 3889 sit,
1004 3808 1078 3895 quin
1106 3807 1200 3873 etiam
1222 3806 1315 3871 futuri

104 3922 168 3989 sint
191 3920 333 4010 quidam,
355 3922 407 4010 qui
428 3921 459 3988 id
481 3919 679 4000 contendant,
702 3919 854 3986 adversus
876 3939 931 3984 eos
954 3919 1062 4006 paucis
1085 3915 1316 4004 disputandum.

104 4029 154 4098 Ac
175 4031 312 4121 primum
335 4030 459 4118 quidem
482 4033 540 4122 ipsi
556 4028 717 4120 dialogum
739 4027 903 4118 perlegant
919 4026 1080 4117 diligenter
1103 4034 1197 4115 atque
1220 4047 1316 4091 aceu-

105 4149 175 4207 rate
197 4141 301 4208 omnia
324 4141 532 4230 perpendant,
560 4137 757 4228 intellegent,
788 4137 826 4202 ab
850 4132 1006 4202 imbecillo
1030 4159 1106 4203 sene
1128 4136 1218 4202 scribi
1242 4156 1316 4200 eum
1351 4204 1353 4211 ¹

104 4251 257 4339 potuisse,
280 4273 298 4316 a
320 4251 435 4315 iuvene
455 4251 617 4337 ingenioso
641 4269 702 4315 non
724 4247 880 4336 potuisse3
904 4245 1013 4313 deinde
1035 4246 1065 4311 id
1089 4249 1113 4311 si
1136 4266 1245 4310 secum
1267 4265 1316 4307 re·

104 4361 292 4448 putaverint,
314 4360 435 4425 suturae
457 4359 666 4448 praestantiae
687 4359 798 4424 indicia
820 4359 882 4425 iarn
905 4358 935 4423 in
959 4357 1077 4444 pueris,
1098 4378 1139 4420 ne
1161 4352 1261 4417 dicam
1284 4354 1314 4417 in
1388 4416 1391 4420 .

151 4477 316 4532 Gutteutsg,
342 4479 368 4520 de
387 4477 501 4520 loruride.
1063 4464 1085 4527 3
