2856 4906
691 202 712 264 2

108 385 140 442 et
155 373 302 463 Pylades,
324 371 400 438 illud
422 393 478 461 par
493 369 597 436 nobile
613 372 797 450 amicorum,
820 393 837 435 a
854 369 982 458 Scythis
997 370 1153 436 coleretur
1168 380 1199 438 et
1214 371 1327 439 Grae·

103 508 157 553 cos
187 481 392 573 vituperavit,
425 479 508 561 quod
540 479 638 545 verba
673 480 711 544 de
740 480 874 545 amicitia
904 481 1019 568 optime
1047 482 1198 559 lacerent,
1227 503 1264 545 re
1288 491 1328 547 et

102 595 233 660 veritate
249 589 327 656 viles
345 590 435 656 amici
452 599 727 677 cognoscerentur,
745 589 906 677 lllnesippo
922 591 1075 677 proponit,
1092 599 1124 653 ut
1142 590 1327 655 amicorum

102 706 151 768 sui
174 701 325 790 temporis
353 697 529 787 aequalium
562 700 699 787 quinque
722 701 806 788 paria
831 707 962 786 uterque
984 699 1134 786 proferat,
1161 700 1243 762 sesi
1270 700 1328 765 in-

105 814 231 878 feriores
254 810 448 899 produxerit,
478 807 618 872 dextram
643 809 699 873 sibi
722 809 875 896 amputari
897 829 1073 896 passurum.
1117 807 1208 873 Hanc
1230 818 1327 875 certe

105 921 290 987 sententiam
324 909 506 1007 scriptorem
535 917 638 983 verbis
669 917 833 982 Toxaridis
861 916 957 980 subici
985 913 1067 981 velle
1096 940 1136 981 ex
1163 938 1325 1005 responso

104 1029 256 1118 Mnesippi
279 1038 310 1093 et
333 1028 442 1108 exeis,
464 1048 545 1114 quae
568 1027 669 1116 cupite
684 1024 815 1091 XXXV
839 1036 869 1090 et
891 1023 977 1089 LXll
1002 1023 1154 1104 dicuntur,
1176 1037 1325 1114 apparet,

106 1161 228 1205 revera
250 1161 285 1202 ea
312 1159 374 1200 non
392 1136 510 1200 subest.
546 1133 628 1199 Sunt
647 1137 727 1200 eninr
747 1134 826 1199 haec
844 1133 984 1221 Scythae
1000 1132 1095 1197 verba
1112 1133 1193 1221 [cX
1212 1135 1324 1224 extr.]:

30 1229 32 1233 Α
110 1243 275 1332 ὁπότερος
291 1240 331 1312 dv
347 1244 382 1312 ἐν
401 1240 534 1323 τούτοις
557 1249 639 1325 (τοῖς
660 1241 849 1331 τῶνφίλων
871 1241 992 1330 ἔργοις)
1015 1247 1119 1332 κρατῇ
1140 1243 1197 1310 καί
1216 1239 1325 1327 ἀμεί-

108 1383 186 1436 νοος
218 1351 430 1445 παράσχηται
456 1354 535 1432 τοὺς
567 1351 700 1442 φίλους,
739 1350 839 1433 αὐτός
866 1379 902 1420 τε
932 1352 1107 1439 νενικηκώς
1134 1350 1227 1420 ἔσται
1262 1356 1326 1424 καὶ

108 1466 168 1556 τήν
190 1462 293 1534 αὑτοῦ
315 1460 532 1552 ἀνακηρύξει,
560 1459 739 1530 κάλλιστον
760 1459 874 1551 ἀγῶνα
896 1463 953 1529 καί
974 1459 1176 1545 σεμνότατον
1195 1459 1321 1551 ἀγωνι-

109 1571 268 1659 σοίμενος,
292 1570 338 1654 ὡς
356 1571 458 1662 ἔγωγε
476 1573 565 1642 πολι)
581 1570 679 1661 ἥδιον
697 1565 737 1640 dir
754 1597 815 1656 μοι
835 1575 925 1640 δοκῶ
943 1577 1142 1655 μονομαχῶν
1158 1568 1320 1660 ἡττηθείς

116 1681 359 1772 ἀποτμηθῆναι
385 1684 445 1773 τὴν
473 1680 603 1764 δεξιάν,
633 1678 716 1768 ὅπερ
742 1686 801 1769 τῆς
821 1686 992 1771 Σκυθικῆς
1018 1680 1190 1766 ἐπιτίμιόν
1216 1682 1321 1763 ἐστιν,

109 1791 132 1883 ἢ
151 1793 270 1881 χείρων
292 1787 397 1861 dttov
422 1791 507 1860 κατὰ
525 1791 644 1883 φιλίαν
665 1790 854 1880 κεκρίσθαι,
955 1794 1054 1858 molle
1076 1815 1110 1858 se
1129 1794 1221 1881 igitur
1235 1791 1323 1872 dicit,

110 1904 167 1970 sibi
201 1905 371 1970 certamine
404 1901 552 1990 singulari
584 1903 669 1966 victo
702 1901 845 1966 dextram
879 1904 1050 1990 amputari,
1088 1927 1189 1989 ηιιοκι
1216 1927 1252 1967 sc
1288 1905 1321 1969 in

111 2014 242 2079 amicitia
267 2011 326 2077 alio
343 2010 483 2078 viliorem
504 2012 642 2088 iudicari,
664 2034 699 2075 se
722 2032 796 2076 vero
810 2012 928 2075 victum
952 2034 986 2076 re
1008 2033 1083 2077 vera
1104 2010 1134 2077 id
1156 2013 1219 2100 pati
1235 2012 1324 2080 velle

110 2144 172 2187 non
196 2120 275 2187 dicit.
321 2120 495 2187 Mirandum
522 2128 682 2209 praeterea
707 2128 771 2200 est,
800 2119 886 2207 quod
909 2120 1090 2210 lllnesippus
1117 2128 1324 2205 μονομαχεῖν

111 2251 200 2310 voce,
223 2252 305 2317 quae
327 2230 366 2296 de
389 2230 432 2310 eis
455 2239 576 2296 tantum
598 2237 774 2318 usurpatur,
797 2228 901 2317 quiin
924 2230 1072 2318 singulari
1094 2255 1200 2321 pugna
1223 2233 1322 2297 armis

110 2337 312 2419 contendunt,
335 2340 531 2426 propositum
555 2338 593 2403 de
608 2338 716 2402 amicis
739 2338 900 2424 utriusque
922 2341 1024 2426 gentis
1047 2351 1205 2405 certamen
1222 2341 1322 2430 signi·

110 2448 194 2513 liceri
219 2445 383 2535 intellegit,
412 2448 595 2534 pracsertim
623 2468 696 2512 cum
724 2446 754 2510 id
782 2469 821 2510 ne
848 2470 888 2511 ex
917 2446 965 2512 his
992 2449 1130 2537 quidem,
1158 2473 1239 2538 quae
1267 2473 1321 2516 se-

110 2567 263 2646 quuntur,
292 2551 338 2634 ὡς
360 2553 463 2642 ἔγωγε
568 2552 591 2644 ἢ
609 2554 728 2643 χείρων
755 2549 861 2624 ἄλλον
883 2558 966 2625 κατὰ
989 2556 1108 2647 φιλίαν
1128 2558 1318 2650 κεκρίσθαι,

110 2689 193 2754 quae
224 2688 296 2731 cum
333 2663 587 2730 antecedentibus
608 2688 706 2753 prave
733 2666 898 2731 coniuncta
934 2678 1019 2749 sunt,
1050 2672 1183 2759 perspici
1209 2671 1321 2759 possit.

109 2771 183 2841 Non
205 2777 287 2842 enim
311 2773 349 2837 de
377 2794 414 2837 ea
439 2797 472 2838 re
494 2773 699 2862 disceptatur,
727 2785 806 2841 riter
829 2800 943 2842 corson
971 2780 1090 2844 amicus
1112 2780 1322 2867 praestantior

111 2885 165 2960 sit,
198 2883 253 2950 sed
283 2891 386 2947 utrum
410 2880 551 2967 Scythae
578 2883 711 2947 amicitia
742 2894 910 2971 praestent,
940 2909 978 2952 an
1007 2888 1135 2968 Graeci3
1169 2887 1321 2954 Toxarim

110 2994 217 3083 igitur,
246 2992 298 3079 qui
321 2989 459 3078 Scythas
482 2991 580 3057 multo
609 2989 763 3057 excellere
790 2993 908 3060 lortiter
928 2995 1100 3075 contendit,
1125 2998 1165 3060 ita
1188 3018 1321 3084 pergere

111 3102 262 3191 oportuit,
291 3109 341 3178 ut,
371 3098 464 3165 malle
487 3123 522 3165 se
543 3102 573 3166 in
594 3123 701 3190 pugna
724 3102 874 3191 singulari
896 3106 976 3170 vinci
1007 3113 1039 3170 et
1065 3104 1172 3169 dextra
1194 3103 1320 3190 privari,

111 3231 207 3298 quam
233 3209 264 3275 in
291 3208 353 3274 hoc
383 3208 421 3274 de
452 3210 559 3276 amicis
591 3211 759 3277 certamine
787 3217 942 3300 superari,
976 3214 1105 3294 diceret,
1136 3219 1193 3278 aut
1218 3207 1321 3278 simile

110 3316 233 3408 aliquid.

198 3426 264 3494 Sed
290 3450 352 3496 non
376 3429 478 3495 minus
506 3450 607 3517 sagax
629 3426 776 3506 Toxaris,
807 3452 892 3507 earn,
921 3451 1018 3516 quam
1046 3430 1175 3509 scriptor
1204 3427 1321 3518 dialogi

113 3534 197 3618 vult,
220 3539 406 3603 sententiam
428 3535 579 3627 Mnesippi
602 3536 705 3600 verbis
727 3534 859 3603 subesse
885 3535 1051 3623 intellegit,
1077 3557 1271 3623 quamquam
1292 3538 1320 3601 is

111 3667 240 3734 prorsus
267 3645 326 3710 alia
358 3645 483 3734 profert.
527 3643 610 3709 Nam
639 3643 689 3710 hic
717 3666 790 3711 cum
818 3668 854 3710 se
883 3667 1011 3711 causam
1035 3645 1228 3710 Graecorum
1256 3664 1320 3709 non

113 3754 333 3821 derelicturum
349 3776 419 3819 esse
434 3752 553 3831 dixerit,
574 3776 677 3841 neque
700 3753 919 3834 admissurum,
940 3764 975 3820 ut
995 3753 1172 3820 vadimonio
1195 3753 1320 3820 deserto

113 3885 222 3930 omnes
244 3860 355 3929 Graeci
379 3883 434 3951 per
454 3882 553 3930 unum
575 3858 716 3949 Scythen
743 3883 838 3927 causa
862 3863 992 3944 cadant,
1019 3867 1055 3930 id
1074 3864 1100 3929 si
1125 3863 1243 3929 lactum
1271 3865 1321 3943 sit,

110 3972 168 4040 sibi
181 3970 322 4062 linguam
338 3970 477 4035 exsecari
493 3991 628 4057 aequum
645 3973 721 4050 lore,
736 3970 885 4037 Toxaridi
899 3993 962 4039 non
977 3970 1081 4039 solum
1096 3973 1320 4055 condicionem,

111 4102 208 4171 quam
230 4082 297 4169 ipse
319 4080 528 4167 proposuerit,
550 4081 704 4171 accipere,
728 4081 783 4146 sed
806 4083 899 4145 etiam
921 4080 984 4149 hoc
1006 4082 1108 4149 dicere
1129 4082 1261 4158 videtur,
1284 4103 1320 4148 se

111 4194 137 4259 si
159 4212 297 4259 caueam
320 4190 525 4256 Graecorum
549 4188 732 4276 deferrdens
760 4199 925 4279 superatus
948 4193 1000 4273 sit,
1029 4192 1157 4279 dignum
1180 4192 1320 4257 futurum

112 4323 198 4382 esse,
220 4301 273 4388 qui
295 4310 360 4364 tam
383 4299 478 4364 atroci
509 4320 610 4387 poena
634 4297 794 4365 alliciatur.
839 4299 903 4366 Sed
934 4325 975 4369 ne
1002 4300 1063 4364 hoc
1089 4299 1215 4365 immani
1242 4320 1321 4367 con-

111 4416 205 4476 vento
228 4418 311 4476 stare
326 4417 488 4498 cogantur,
504 4449 547 4460 -
567 4407 597 4474 id
620 4405 800 4497 neglegunt,
824 4410 909 4499 quod
931 4409 1104 4476 maximum
1119 4418 1177 4490 est,
1198 4408 1320 4476 nullum
