2856 4906
697 204 743 271 22

117 377 232 469 πόσης
249 381 309 467 τῆς
331 371 454 456 οὐσίας·
469 378 531 443 τοῦ
552 371 698 464 πηρός,
728 366 772 466 ἢν
791 375 861 464 πρὸ
889 377 953 467 τῆς
970 370 1155 464 saudim
1169 370 1348 460 dum

117 487 261 584 ἠξίωσεν
281 481 322 555 tto
339 512 391 567 τις
412 490 483 554 asir
501 511 541 574 ys-
559 481 707 574 o'sysavois
726 487 783 555 uui
805 483 958 576 πενήτων
977 483 1105 576 ῥᾳδίως
1122 485 1348 575 πυραλᾴἶι

117 595 205 673 obser
227 597 457 683 κακοδαίμονα
480 589 586 665 mous
605 594 669 685 τὴν
688 589 785 688 ὄψιν,
805 599 911 663 nescio
934 597 1010 687 quid
1031 620 1053 662 a
1066 596 1226 664 sommi
1242 592 1345 663 intol—

114 712 250 805 legesttin
288 707 425 775 ebenum
459 708 627 773 continent.
683 705 780 772 lionis
814 708 896 772 enim
935 705 1103 798 publicetis
1135 704 1345 773 flamm·

114 821 289 890 maximum
313 816 454 884 dolorem
476 839 591 908 capere
613 816 725 883 dieitur
747 838 786 881 ex
808 838 856 897 eo,
886 816 975 905 quod·
993 814 1088 883 filimi
1107 818 1177 901 lam·
1195 813 1347 883 nubilem

115 928 225 1012 bubet3
248 942 329 1018 quae
352 936 459 994 eutem
481 936 548 994 erat
570 949 677 1006 eausa,
701 947 758 992 eur
779 927 881 1017 magis
898 925 1049 992 sollicitus
1064 935 1150 992 esset
1171 924 1344 994 deudulta

115 1041 194 1124 filis,
222 1061 318 1129 quam
346 1038 372 1103 si
402 1059 464 1104 nou
492 1035 599 1102 adalta
626 1034 760 1102 fuisset?
788 1058 902 1126 nempe
933 1037 1005 1125 quia
1034 1035 1174 1115 videbat,
1204 1038 1280 1103 fore=
1302 1045 1345 1105 ut

116 1158 212 1220 ntnnb
232 1148 367 1215 hominis
392 1147 657 1236 pauperiemque
684 1148 785 1236 eapite
814 1145 963 1212 deminuti
992 1144 1086 1211 filiam
1109 1145 1286 1213 deformem
1306 1147 1343 1216 itt

116 1258 351 1330 matrimonium
374 1255 489 1322 docere
505 1253 609 1336 vellet,
632 1277 705 1322 oum
728 1256 828 1321 divitis
852 1264 947 1344 atque
965 1255 1079 1321 nobilis
1093 1256 1189 1323 etiam
1208 1265 1343 1347 turpem

115 1369 210 1438 filiam
220 1369 353 1434 fortasse
369 1366 492 1432 iuvenis
507 1364 632 1453 ignobili
650 1364 723 1432 loeo
737 1377 830 1433 notus
852 1375 884 1431 et
898 1382 1018 1455 pauper
1033 1387 1167 1431 uxorem
1182 1365 1340 1435 dumus
1372 1437 1382 1447 ,

114 1480 162 1548 ltu
184 1488 269 1546 certe
287 1476 453 1544 verisimile
475 1473 616 1542 astallus
639 1478 808 1566 scripturos
823 1476 928 1557 fuisse,
951 1473 1007 1541 sed
1028 1473 1091 1558 ille,
1113 1477 1167 1566 qui
1180 1474 1336 1543 Toum

114 1588 275 1679 dialogum
298 1587 485 1678 composuit,
508 1607 652 1652 seorsum
675 1608 692 1652 a
716 1588 826 1654 ceteris
848 1586 978 1675 cogitat
1010 1583 1094 1651 Distit
1114 1587 1221 1676 igitur:
1244 1584 1337 1670 „tte

115 1709 272 1779 mantes,
299 1698 387 1765 bonis
409 1697 566 1787 privatus,
594 1699 696 1789 capite
719 1698 917 1778 deminutus,
942 1696 1081 1762 matdms
1101 1706 1245 1763 maestus
1267 1707 1340 1767 ear

113 1819 291 1902 psopteren,
324 1808 408 1897 quod
431 1805 525 1873 filiam
554 1808 617 1874 iarn
647 1806 785 1874 nubilem
812 1803 964 1886 babebat,
998 1826 1095 1894 optram
1125 1829 1167 1873 ne
1187 1806 1341 1877 omnibu

114 1919 242 2010 qaudam
264 1920 296 1984 iu
317 1915 425 1984 dotem
446 1916 571 1984 collatis
591 1919 737 1999 fortunis,
759 1937 848 2006 quas,
871 1925 1040 2006 antequam
1068 1916 1235 1984 damnatus
1257 1927 1341 2002 erat

113 2028 307 2122 possederat,
328 2025 412 2093 ullus
424 2013 520 2094 bomo
532 2026 678 2118 ignobilis
691 2036 723 2095 et
738 2047 858 2118 pauper
868 2044 1000 2093 uxorem
1018 2025 1134 2094 ducere
1148 2025 1340 2097 voluissst‘t

116 2141 157 2207 stt
178 2138 206 2205 oi
226 2159 267 2207 ua
288 2136 389 2204 divitis
413 2127 540 2228 quidem
562 2147 596 2205 et
616 2137 692 2204 olari
713 2136 808 2203 liliam
824 2136 997 2203 deformem
1019 2139 1185 2229 quisquam
1199 2159 1340 2211 uxorum

113 2269 279 2316 assumere
299 2247 466 2330 voluisset,
499 2266 582 2339 quae
603 2267 701 2312 eausa
729 2256 809 2329 erat,
843 2264 899 2312 cur
920 2256 988 2313 tum
1009 2249 1223 2339 potissimum,
1255 2272 1338 2321 uum

113 2359 245 2424 fortunis
271 2360 412 2448 privatus
441 2367 474 2423 ot
500 2360 602 2448 capita
632 2356 809 2422 deminutus
842 2365 941 2437 esset,
975 2357 1129 2424 diceretur
1155 2360 1336 2431 maximum

112 2464 255 2533 dolorem
269 2468 391 2557 cepisse
408 2480 450 2534 ex
464 2465 525 2533 lilia
546 2466 684 2548 deformi,
708 2488 796 2554 quoe
817 2464 884 2534 lum
906 2470 1036 2554 nuptiis
1057 2477 1199 2537 matura
1221 2471 1333 2538 eust?

112 2575 253 2666 nppsres
264 2578 366 2666 igitur,
383 2580 568 2667 scriptoram
585 2578 679 2643 etiam
693 2575 755 2642 bae
770 2598 803 2642 re
818 2577 1034 2645 demonstrare
1049 2577 1199 2662 voluisse,
1212 2591 1333 2671 quonte

112 2684 348 2752 Zenotbunidis
375 2689 407 2754 in
435 2687 646 2763 llfeneeratam
682 2687 858 2775 benignitas
885 2687 1009 2768 fuisset,
1042 2689 1095 2779 qui
1121 2689 1265 2780 puellum
1291 2692 1335 2761 sd

113 2794 341 2862 deformitatem
369 2798 537 2886 insignem,
570 2819 666 2886 quam
695 2796 822 2862 divitem
850 2796 929 2864 viles
956 2799 1101 2865 homines
1129 2800 1335 2891 respuissent,

111 2904 316 2987 formidinem,
334 2915 369 2970 ut
385 2907 427 2971 ita
444 2904 548 2973 dicam
565 2899 822 2994 [praepediremus
836 2922 864 2973 e.
876 2905 990 2976 XXIV
1002 2910 1178 3000 (231,26)],
1190 2909 1334 2978 bmaro·

111 3013 207 3081 lentio
233 3017 264 3082 in
293 3017 429 3082 amicum
455 3025 617 3107 permotus
648 3039 710 3082 non
739 3017 842 3084 solum
871 3040 1002 3085 uxorem
1034 3018 1175 3087 duxisset
1200 3058 1244 3071 -
1271 3023 1332 3091 sed

111 3125 206 3190 etiam
227 3125 356 3192 mirifice
378 3136 517 3192 amasset
539 3123 782 3216 [ὑπεραγαπῶν
804 3151 832 3196 o.
844 3127 948 3197 XXV
963 3129 1048 3214 (232,
1065 3131 1140 3220 l9)].
1168 3133 1269 3223 Atque
1283 3133 1329 3201 ita

110 3232 206 3302 bomo
229 3236 331 3302 tenuis
353 3235 466 3325 ingenii
493 3237 524 3303 in
545 3236 608 3305 boo
628 3260 727 3304 unum
747 3239 893 3319 intentus,
916 3248 951 3305 nt
966 3239 1151 3310 Menecratis
1167 3244 1332 3313 osritutm

111 3367 207 3433 mum
228 3346 367 3412 maxime
390 3355 535 3435 augeret,
557 3369 621 3414 non
643 3348 732 3431 vidit,
760 3370 857 3436 quam
878 3371 1045 3439 perperam
1065 3362 1172 3418 eutero
1195 3375 1334 3446 compo·

109 3464 207 3521 neret.

192 3562 322 3632 lnfantla
346 3588 438 3657 porro
461 3590 495 3634 re
518 3586 592 3634 vera
617 3584 687 3634 esse
702 3590 748 3649 ea,
771 3586 854 3657 quoe
874 3589 945 3658 cap.
957 3565 1071 3636 XXVI
1082 3570 1169 3654 (232,
1184 3571 1330 3657 tte-31)

108 3685 288 3759 narrantur,
316 3677 465 3752 infantem
493 3678 670 3745 incuriam
700 3676 802 3743 latum
832 3677 972 3744 arrisisse
1000 3676 1197 3744 senatoribus
1226 3682 1331 3750 meni-

108 3784 232 3874 busque
254 3785 411 3877 plausisse
432 3797 527 3878 atque
546 3787 610 3853 boc
631 3788 715 3853 laeto
737 3808 852 3875 graves
874 3785 947 3852 illos
968 3794 1064 3875 atque
1086 3808 1216 3856 severos
1238 3791 1326 3862 viros

107 3893 315 3962 misericordia
339 3898 455 3964 fractos
478 3921 558 3980 esse,
582 3897 635 3976 eis,
658 3894 773 3985 quibus
795 3894 877 3961 boec
897 3893 1094 3985 placuerunt,
1117 3919 1180 3967 non
1203 3900 1328 3973 facilius

107 4001 262 4093 pnobabis,
285 4029 383 4098 quam
398 4005 579 4073 mulieribus
594 4003 824 4095 mulierumque
846 4004 997 4073 similibus
1014 4008 1087 4074 viris
1108 4010 1327 4101 persuadebis,

105 4113 272 4204 magnifiee
298 4116 365 4197 illa,
395 4132 477 4207 quae
504 4118 534 4182 in
562 4111 676 4179 fabulis
702 4111 956 4182 Romanensibus
983 4130 1147 4188 narrentur
1174 4122 1324 4209 facinora,

105 4220 240 4290 absurdo
275 4250 355 4294 esse.
401 4223 485 4290 Nam
518 4226 542 4290 si
571 4231 733 4314 tantopere
766 4237 927 4317 saperent,
960 4238 995 4295 ut
1027 4233 1070 4298 eis
1103 4230 1166 4298 boe
1197 4231 1327 4324 probari

103 4332 227 4420 posset,
256 4339 331 4403 satis
356 4336 450 4402 etism
477 4334 578 4400 iudieii
605 4329 772 4416 haberent,
806 4345 839 4403 nt
865 4336 922 4428 ipsi
949 4356 1006 4430 per
1034 4355 1068 4406 se·
1095 4340 1324 4434 intellegerent,

101 4442 296 4531 bermtftrtos
316 4443 387 4539 illas
413 4446 535 4540 ineptas
558 4466 637 4511 essa
665 4441 828 4539 ,Delectat
854 4470 930 4541 ergo
950 4447 1003 4540 bio
1030 4449 1149 4541 inians,
1177 4448 1249 4521 talis
1270 4455 1326 4524 asi
