2856 4906
684 222 729 289 44

104 395 284 482 ,,πρῶτον“
305 402 336 459 et
357 395 552 481 ,,πραλτος“;
580 390 683 477 μόνον
705 393 788 459 enim
811 390 958 459 adverbio
981 401 1035 461 out
1056 393 1203 459 universa
1224 390 1315 458 nodo

105 500 154 568 alii
176 503 292 569 notioni
314 501 470 585 diversae,
502 512 556 570 aut
579 512 664 571 certa
687 501 842 590 quaedam
863 525 913 567 res
937 501 1003 569 aliis
1026 502 1165 568 eiusdem
1188 501 1316 590 generis

103 612 208 693 rebus,
231 620 286 679 aut
300 609 479 702 complures
502 635 551 678 res
572 612 712 703 pluribus
735 619 934 701 opponuntur
956 611 1060 694 rebus,
1080 606 1184 697 μόνος
1206 619 1316 676 autem

105 720 258 788 adiectivo
281 731 336 787 aut
358 723 442 788 notio
464 723 531 812 ipsa
554 746 610 812 per
631 745 675 804 se,
698 730 752 787 aut
774 731 859 789 certa
883 720 1040 810 quaedam
1054 745 1115 804 res,
1137 729 1192 787 aut
1207 728 1317 787 certus

104 853 253 898 numerus
282 853 386 897 rerum
413 831 619 922 singulaeque
648 855 697 898 res
719 832 918 922 potissimum
938 843 1131 924 premuntur.
1179 829 1224 896 lta
1245 832 1317 897 τῶν

106 935 298 1030 ὀφθαλμῶν
319 935 423 1024 μόνον
443 935 605 1030 ἡγεῖσθαι
630 941 690 1031 τήν
717 939 918 1032 διαμαρτίαν
946 941 1111 1034 significat:
1146 938 1317 1011 oculorum

104 1049 220 1132 solum,
253 1073 315 1116 non
344 1049 422 1117 alius
451 1055 493 1120 rei
517 1053 658 1140 (mentis,
687 1051 819 1137 consilii)
843 1052 970 1144 culpam
991 1075 1061 1118 esse
1088 1061 1215 1143 putare;
1247 1053 1319 1119 τῶν

105 1154 296 1250 ὀφθαλμῶν
320 1157 433 1247 μόνων
463 1156 625 1251 ἡγεῖσθαι
650 1160 711 1250 τήν
738 1159 939 1252 διαμαρτίαν
972 1161 1057 1252 [dial.
1081 1162 1164 1228 deor.
1188 1156 1275 1240 XX,
1296 1161 1317 1224 9

104 1274 190 1352 (115,
211 1273 293 1359 37)];
316 1272 444 1339 credere
466 1271 551 1338 solos
574 1271 685 1339 oculos
707 1296 789 1355 esse,
813 1295 947 1362 quorum
969 1271 1064 1363 culpa
1085 1272 1132 1337 sit.
1169 1269 1318 1360 Itemque

89 1377 225 1468 ’ταύτην
243 1377 367 1465 μόνον
392 1382 452 1471 τὴν
479 1379 603 1451 ἐλπίδα
626 1373 710 1466 εἶχεν
733 1392 793 1449 est:
824 1383 905 1450 hanc
932 1392 1053 1450 tantum
1080 1387 1197 1471 (neque
1220 1377 1319 1445 aliam

104 1490 197 1573 ultra)
220 1514 309 1580 spem
331 1489 483 1573 habebat,
515 1488 637 1580 ταύτην
657 1492 717 1581 τήν
738 1489 862 1562 ἐλπίδα
882 1488 986 1582 μόνην
1008 1486 1107 1577 ελχενι
1137 1490 1206 1556 sola
1232 1487 1319 1555 haec

103 1601 160 1666 luit
183 1622 269 1690 spes,
302 1621 398 1689 quam
425 1598 575 1683 habebat,
609 1604 733 1669 unicam
760 1600 842 1669 hanc
869 1626 958 1694 spem
986 1601 1141 1685 habebat;
1174 1598 1319 1671 similiter

104 1709 205 1778 πέντε
226 1705 354 1793 μόνον
375 1706 501 1801 ἡμέρας
522 1709 649 1799 ἐπεβίω
671 1722 731 1778 est:
754 1714 891 1803 quinque
906 1721 1028 1780 tantum
1043 1712 1109 1780 dies
1130 1711 1212 1779 ultra
1228 1709 1320 1790 vixit,
1360 1738 1366 1750 ⁵

102 1841 166 1887 non
188 1818 310 1909 plures;
333 1820 432 1889 πέντε
452 1819 559 1906 μόνας
581 1819 707 1912 ἡμέρας
729 1820 870 1908 direptio:
893 1823 951 1889 soli
967 1824 1104 1911 quinque
1126 1820 1194 1887 dies
1216 1827 1321 1899 erant,

104 1952 184 2021 quos
208 1939 367 2018 superstes
390 1934 473 2014 erat,
503 1932 643 2019 sequitur
665 1932 807 2022 quidem,
833 1941 868 1998 ut
890 1953 952 1999 non
973 1931 1080 2021 plures
1103 1930 1232 2011 luerint,
1260 1929 1322 1997 sed

103 2039 133 2106 id
155 2039 259 2105 minus
283 2039 395 2106 diserte
417 2041 608 2131 exprimitur,
630 2063 725 2130 quam
745 2044 770 2108 si
786 2041 969 2108 adverbium
984 2041 1123 2132 ponitur3
1146 2063 1198 2107 res
1220 2039 1322 2130 igitur

90 2171 255 2240 ,persaepe
278 2148 318 2215 ad
339 2149 421 2215 idem
442 2151 529 2232 redit,
553 2159 583 2216 et
605 2160 726 2218 tantum
749 2153 871 2220 dicendi
892 2173 994 2239 genus
1014 2149 1123 2216 differt.
1160 2148 1321 2215 Adiectivi

105 2268 211 2325 autem
240 2279 332 2323 usum
362 2260 539 2349 quaesitum
566 2260 724 2348 quendam
751 2271 848 2350 atque
869 2262 1018 2327 rariorem
1041 2258 1202 2326 Lucienus
1223 2280 1321 2349 prae·
1375 2319 1378 2327 .

104 2370 176 2447 lert,
209 2376 244 2431 ut
273 2367 335 2431 iam
369 2367 444 2447 dixi,
477 2367 678 2456 similiterque
711 2370 763 2458 qui
797 2392 871 2437 eum
902 2370 1039 2436 imitatus
1072 2377 1121 2436 est
1148 2366 1320 2436 Toxaridis

106 2477 250 2582 scriptor,
272 2474 310 2540 cl.

140 2612 172 2663 de
190 2612 259 2664 dom.
278 2609 295 2664 5
312 2612 342 2675 (1,
355 2608 397 2674 29,
410 2610 453 2663 23.
466 2610 520 2676 25),
539 2613 556 2663 9
575 2612 628 2677 (31,
642 2613 679 2678 6),
698 2630 782 2667 muso.
801 2631 860 2687 eno.
879 2616 897 2670 3
914 2616 969 2682 (40,
988 2617 1026 2683 7),
1044 2621 1100 2675 τοῖς
1117 2613 1172 2686 μὲν
1191 2619 1323 2688 τέτταρσι

173 2702 278 2769 βαδίζει
294 2699 411 2773 padusae(
435 2707 521 2757 Prom.
541 2706 598 2756 sire
611 2707 691 2761 Cauc-
711 2708 746 2761 14
759 2709 813 2775 (79,
825 2710 881 2776 34),
900 2713 963 2765 diel.
982 2712 1053 2764 deor.
1073 2711 1135 2776 XX,
1153 2710 1260 2777 9(115,
1275 2711 1322 2780 37)

172 2793 268 2864 μόνον
286 2799 341 2853 τῶν
359 2795 527 2869 ὀφθαλμῶν,
547 2800 581 2853 10
599 2802 670 2869 (116,
684 2803 721 2867 9),
740 2807 849 2860 loarom.
868 2805 903 2860 14
916 2806 987 2871 (162,
1002 2805 1041 2870 4),
1058 2805 1176 2873 philops.
1195 2806 1233 2860 23
1247 2806 1323 2872 (218,

174 2889 238 2955 34),
265 2891 398 2958 29(221,
418 2895 466 2959 16)
493 2895 550 2953 τὰς
570 2897 633 2949 τῶν
653 2901 771 2963 βιαίως
797 2896 1051 2955 δποθανόντων
1075 2896 1183 2971 μόνας
1205 2897 1325 2969 ψυχάς

172 2990 358 3054 περινοστεῖν,
385 2988 418 3043 31
438 2989 514 3053 (222,
534 2989 681 3055 17-18),
709 3007 793 3059 symp.
812 2992 849 3048 34
866 2995 939 3061 (238,
957 2995 1013 3062 23),
1040 2998 1097 3064 fug.
1116 2994 1245 3062 13(246,
1266 2996 1325 3064 19),

172 3081 221 3131 τίι.
240 3086 309 3134 auct.
328 3082 363 3136 23
381 3081 463 3148 (262,
483 3081 544 3148 15),
573 3085 667 3152 oanpl.
687 3084 703 3138 9
722 3087 801 3154 (329,
821 3088 873 3155 36)
897 3086 1057 3157 ἐπιβιοὺς
1079 3092 1181 3145 πέντε
1203 3087 1327 3161 μόνας

170 3167 310 3241 ἡμέρας,
331 3174 364 3228 17
382 3175 453 3240 (333,
473 3176 516 3241 15)
534 3173 656 3247 μόνοις
672 3183 747 3238 τοῖς
765 3179 949 3243 δακτύλοις
967 3186 1106 3242 πλουτῶν.

139 3266 186 3315 Bis
205 3281 259 3320 ecc.
279 3265 293 3318 1
313 3269 358 3332 (Il,
378 3269 403 3333 1,
423 3269 458 3333 1),
483 3270 516 3325 14
535 3273 571 3337 (8,
592 3273 634 3338 1),
658 3276 693 3343 de
710 3277 839 3328 conscrib.
859 3279 923 3332 hist.
942 3279 978 3334 20
997 3280 1052 3347 (28,
1071 3281 1132 3347 30),
1156 3298 1183 3334 v.
1202 3281 1268 3335 hist.
1291 3283 1327 3336 Α.

175 3359 209 3413 30
227 3358 281 3424 (51,
301 3359 355 3426 12),
373 3363 406 3414 de
422 3380 500 3417 merc.
520 3369 596 3419 cond.
615 3368 632 3422 9
652 3368 723 3434 (128,
742 3369 797 3435 23).

138 3454 204 3503 Tox.
223 3452 256 3505 21
276 3453 347 3519 (230,
367 3456 481 3523 16-17)
500 3461 584 3512 ταῦτα
603 3458 679 3529 μόνα
698 3460 753 3529 εἶχε
772 3464 880 3532 λέγειν,
903 3465 938 3520 23
956 3467 1028 3535 (231,
1048 3468 1076 3535 5)
1094 3470 1196 3524 πέντε
1213 3468 1329 3542 μόνας

175 3544 300 3615 ἡμέρας
319 3547 477 3614 ἐπιβιοὺς
495 3551 650 3621 ἀπέθανεν,

243 3642 277 3691 cf.
295 3641 380 3709 Long.
398 3645 470 3697 Post.
489 3649 511 3712 I,
530 3647 565 3702 30
584 3651 616 3714 (Ι,
633 3650 697 3716 260,
717 3651 834 3717 lla-12)
853 3653 918 3722 περὶ
935 3652 968 3706 δὲ
985 3653 1036 3722 τὴν
1053 3657 1132 3721 νῆξιν
1151 3655 1258 3728 ἔκαμεν
1281 3659 1331 3718 οἶα

174 3728 308 3802 πρότερον
332 3732 484 3809 νηχόμενος
505 3740 535 3795 ἔν
555 3748 693 3813 ποταμοῖς
714 3739 823 3812 μόνοις.
860 3748 928 3799 Aeli.
941 3751 1000 3799 Tel.
1014 3750 1060 3813 IV,
1079 3749 1163 3816 8(89,
1174 3752 1212 3819 2),
1231 3756 1282 3823 v1,
1294 3759 1332 3816 16

175 3825 246 3891 (144,
258 3827 314 3895 27),
332 3834 403 3897 VIII,
422 3832 440 3885 2
458 3834 529 3900 (170,
549 3835 593 3900 10)
613 3843 643 3889 ιιι
661 3853 740 3905 saepe
757 3845 892 3907 praeterea
909 3843 980 3908 apud
998 3847 1166 3910 posteriores.
1235 3881 1240 3892 ·

310 3999 447 4052 Articulus
465 4004 534 4056 inter
551 4006 714 4058 adiectivum
732 4015 759 4060 et
777 4009 977 4062 substantivum
994 4018 1112 4082 ponitur.

192 4109 359 4200 Proprium
388 4112 449 4181 hoc
477 4139 604 4207 quoque
631 4121 762 4191 Luciani
792 4134 854 4207 est,
889 4129 973 4218 quod
1000 4132 1100 4202 multo
1128 4139 1331 4230 frequentius

107 4240 201 4306 quam
235 4216 285 4284 alii
313 4222 479 4309 scriptores
512 4227 679 4295 articulum
706 4233 786 4299 inter
813 4235 1003 4306 adiectivum
1030 4253 1062 4310 et
1088 4247 1332 4324 substantivum

35 4365 38 4370 .
106 4327 208 4411 ponit,
241 4328 336 4391 etita
360 4328 500 4416 quidem,
530 4340 566 4398 ut
587 4336 738 4405 articulus
760 4365 997 4436 nonnumquam
1021 4335 1211 4426 adiectivum
1235 4376 1331 4433 ante·

107 4430 235 4514 cedere,
273 4430 374 4503 multo
413 4439 538 4530 saepius
570 4442 691 4537 integra
714 4457 878 4525 sententia
911 4459 1009 4526 omitti
1042 4466 1151 4551 possit.
1212 4470 1329 4544 Oratio
