2856 4906
726 199 776 279 29

145 375 204 466 qui
226 371 308 464 regia
330 367 588 460 Bosporanorum
609 367 704 439 filiam
727 371 762 449 is
784 369 1015 443 matrimonium
1038 368 1179 453 abducit,
1207 369 1367 460 Alyssos·

142 483 245 565 airus,
270 503 368 572 qnam
391 478 482 551 rives
505 488 537 549 at
552 488 669 569 potens
694 480 838 570 princeps
862 502 936 549 csse
957 480 1113 553 narratur!
1146 480 1308 572 possidere
1328 503 1366 556 oe

142 593 221 667 aton
243 592 353 661 decem
375 599 501 681 patenas
522 608 634 657 aureas
656 598 751 678 atque
774 591 932 679 octoginta
947 590 1096 682 plaustra,
1120 572 1291 682 alproptar
1305 589 1365 663 hos

144 703 285 793 insignes
308 723 384 792 opes
404 701 518 770 ceteris
540 701 658 790 proris,
678 721 791 790 rogum
812 699 897 784 filiis,
921 703 1102 791 praefertur.
1147 700 1230 774 Tota
1252 699 1367 773 deinde

143 811 343 902 Scytharum
372 812 455 879 natio
481 809 682 900 perturbatur
714 809 753 876 ad
780 832 931 900 armaque
959 817 1126 893 exaltatur,
1155 810 1239 901 qnod
1264 813 1366 885 maa

140 945 258 1015 aumas
279 943 363 993 nuos
392 944 409 986 e
434 918 528 1010 plebe
552 918 647 993 filiam
672 921 811 1009 regiain
836 924 1070 1001 matrimonium
1096 944 1160 995 non
1187 930 1365 1012 acceparat.

142 1033 311 1105 Maeones
334 1040 440 1101 antam
463 1039 494 1099 et
508 1027 698 1112 Leochates,
719 1028 850 1101 illustria
868 1033 1021 1109 anricitiac
1036 1031 1197 1123 anamma,
1220 1031 1366 1107 fraudato

142 1144 343 1223 ‚mamone
365 1149 460 1228 atque
485 1139 616 1207 caedem
638 1139 742 1213 tacere
765 1163 828 1213 oon
850 1141 1005 1225 dubitant,
1029 1152 1069 1211 -nt
1091 1165 1221 1231 granam
1242 1141 1366 1215 settim

147 1254 341 1331 arcanorum
378 1247 496 1319 illatam
523 1250 670 1321 somnam
708 1248 899 1319 ulciscantur
936 1254 1101 1342 amicoque
1138 1253 1364 1341 gratificentur.

144 1360 289 1452 Dignum
312 1382 387 1427 sanc
410 1357 551 1433 Luciam>
573 1357 635 1429 hoc
657 1361 908 1431 narratiunculae
927 1361 1165 1452 argumentum!

140 1528 144 1535 .
228 1470 299 1543 ¹Sed
321 1491 384 1539 nan
404 1467 511 1541 solum
533 1492 658 1541 summa
680 1471 723 1536 rei
745 1473 938 1560 perabsurda
959 1483 1019 1554 est,
1040 1473 1098 1540 sed
1121 1474 1216 1543 otiam
1237 1468 1364 1558 annua

139 1605 295 1674 pervorse
316 1589 531 1672 exponuntur,
563 1588 597 1647 ut
618 1582 733 1647 caedes
761 1580 953 1651 Leuconoris
980 1583 1171 1674 ineptissime
1198 1581 1269 1657 licta
1293 1589 1363 1660 est,

147 1705 178 1768 et
201 1695 335 1785 primunr
357 1685 497 1781 quidem,
517 1692 663 1780 quoniam
685 1690 771 1759 nulla
787 1694 863 1763 satir
885 1695 989 1783 gravis
1006 1715 1103 1765 causo
1118 1694 1283 1782 profertur,
1304 1712 1366 1765 cut

147 1805 214 1894 regi
230 1805 265 1879 in
288 1799 441 1892 templum
456 1801 594 1873 eundum
616 1801 718 1883 luerit,
739 1804 854 1869 mirum
875 1805 902 1869 ei
924 1804 1019 1871 videri
1043 1803 1158 1885 debuit,
1180 1802 1266 1893 quod
1277 1800 1365 1868 Lon·

17 1941 28 1967 ·
140 1914 271 1997 phales,
306 1935 380 1985 cnm
407 1913 473 2002 ipse
499 1933 563 1979 non
586 1913 718 1979 inmotis
745 1912 866 1981 arbitris
892 1912 1060 1987 consitium
1084 1936 1179 1987 suum
1206 1914 1236 1980 ei
1264 1933 1366 2004 expa-

140 2028 271 2107 mussat,
292 2047 396 2113 neque
417 2023 643 2104 timidamque
664 2022 716 2089 cui
738 2023 874 2113 suspicio
888 2023 1044 2106 incideret,
1067 2024 1106 2095 de
1128 2047 1190 2114 qua
1206 2047 1240 2095 sc
1263 2022 1365 2099 cotto·

144 2146 330 2229 querentur,
358 2143 499 2199 metuere
520 2154 556 2198 se
584 2129 765 2214 simulabat,
794 2135 926 2223 nequis
953 2157 1077 2217 ammo,
1104 2137 1158 2229 qni
1180 2145 1365 2227 praenomen

141 2257 268 2328 essent,
290 2266 405 2335 regem
426 2244 581 2311 iurantem
602 2244 803 2332 conspicatus
826 2244 1046 2333 suspicaretur,
1076 2245 1166 2311 cuius
1193 2246 1236 2314 rei
1259 2267 1364 2321 v,catttsu

142 2360 270 2433 inraret.
305 2355 370 2425 Sao
393 2355 544 2425 faciamus
567 2375 676 2441 regern
697 2357 893 2444 portarritnm
906 2354 1158 2429 animadvertere
1179 2378 1242 2429 non
1257 2377 1365 2446 posse,

147 2467 204 2535 sibi
226 2465 351 2532 insidias
374 2465 459 2546 strui,
482 2466 511 2530 in
530 2462 746 2555 templumque
767 2466 889 2548 intrare,
911 2473 1049 2537 attamen
1072 2487 1128 2533 cur
1143 2469 1282 2556 corporis
1305 2489 1364 2533 cu-

141 2579 253 2653 stodes
274 2599 376 2665 quam
400 2576 540 2647 marture
561 2573 678 2663 ,procul
701 2577 851 2646 recedere
879 2574 1016 2656 inheret,
1043 2573 1131 2643 nulla
1162 2597 1258 2649 cansa
1285 2585 1363 2642 erat.

142 2689 270 2767 Deinde
290 2689 356 2776 regi
372 2686 536 2755 vociferari
552 2708 614 2753 non
631 2684 717 2753 licuit
738 2726 780 2770 ·.·
801 2687 1066 2776 perscriptorem,
1090 2684 1269 2757 Lonolrates
1281 2709 1363 2759 -vero

140 2825 196 2885 nn,
213 2822 281 2891 ,quo
304 2795 412 2879 voluit,
435 2796 528 2863 modo
551 2796 581 2861 it
601 2795 752 2886 impedire
774 2797 900 2863 minime
921 2797 1030 2885 potuit.
1064 2793 1177 2867 Nonne
1200 2797 1283 2863 enim
1306 2821 1365 2877 nex

139 2935 222 2983 oum
249 2907 431 2981 Lonclmtsrr
464 2904 605 2994 gladium
636 2911 842 2996 stringentem
875 2905 1008 2988 videret,
1042 2906 1201 2984 vociferari
1235 2906 1363 2996 potnit?

140 3044 250 3097 nonne
271 3042 346 3089 cnm
362 3040 491 3089 manum
513 3015 565 3087 ille
581 3015 774 3098 admouerat,
797 3025 831 3085 nt
850 3039 889 3087 os
909 3014 1204 3108 regi-opprimeret?
1221 3026 1259 3089 ,et
1274 3041 1363 3106 qam.-

146 3131 242 3209 mudo
264 3153 327 3197 una
350 3152 446 3195 manu
468 3127 593 3199 admota
615 3129 658 3195 ita
680 3127 744 3216 regi
769 3150 804 3193 os
820 3127 996 3217 opprimere
1016 3129 1127 3218 potuit,
1148 3137 1184 3195 ut
1206 3129 1232 3195 is
1247 3148 1361 3193 vocem

147 3245 287 3325 amitere
313 3237 478 3328 nequiret?
511 3235 625 3327 Neque
650 3237 752 3303 minus
780 3239 857 3305 mire
882 3237 1008 3320 accidit,
1042 3240 1127 3328 qnod
1154 3239 1237 3327 regis
1263 3236 1362 3309 caede

142 3356 284 3444 cognita,
306 3372 408 3439 nequo
429 3373 468 3416 ea
492 3347 543 3415 din
566 3346 659 3419 celari
681 3350 791 3437 potuit,
813 3371 875 3415 non
897 3348 1055 3439 extemplo
1079 3350 1118 3415 ad
1133 3349 1363 3423 interfectorem

140 3459 400 3555 persequendum
428 3457 521 3549 aliqui
551 3459 649 3524 coorti
676 3469 766 3542 sunt,
798 3460 853 3527 sed
881 3458 1030 3527 seditione
1054 3457 1097 3535 ale
1130 3479 1228 3548 regno
1255 3458 1364 3535 statim

141 3574 312 3650 mucltata,
336 3593 456 3652 omnes,
480 3570 646 3660 quominus
670 3568 869 3650 idqfaccreut
891 3569 1143 3661 prohibebantur.

233 3685 353 3774 Arguta
375 3690 481 3749 autem
502 3681 654 3771 ineptians
667 3679 810 3762 Toxaris,
832 3689 1002 3770 postquam
1016 3675 1178 3758 enarravit,
1201 3676 1364 3764 quomodo

143 3805 253 3886 erepta
266 3791 466 3882 Adyrmacho
485 3792 611 3872 coniux,
628 3789 819 3858 Leucanoris
833 3788 904 3870 filia,
919 3791 1112 3858 Arsacamae
1134 3783 1246 3855 tradita
1266 3797 1365 3871 esset,

148 3905 222 3977 dicit
242 3903 296 3975 Lll
320 3903 409 3986 (2113,
427 3903 595 3987 12—13l:
622 3906 683 3971 τοῦ
710 3903 750 3972 δὲ
772 3900 859 3988 πρὸς
876 3897 919 3968 oti
936 3893 1144 3969 ἀνέλπιστον
1168 3898 1230 3971 νοῦ
1251 3893 1364 3971 aaa..

147 4041 277 4105 ματος
312 4011 649 4102 καταπλαγέντος
683 4012 751 4081 καὶ
780 4007 898 4097 χάριν
932 4002 1251 4097 ὁμολογοῦντος·
1285 4029 1364 4075 nam

141 4128 251 4201 nolant
277 4126 436 4206 homines,
464 4146 579 4213 magna
603 4147 636 4190 re
657 4122 790 4201 attoniti,
820 4121 961 4188 omittere
985 4120 1073 4209 quod
1099 4122 1205 4189 facore
1231 4119 1364 4202 ‹lebent3

140 4240 333 4329 videturque
352 4235 484 4304 Toxaris
506 4231 696 4322 significare,
717 4231 941 4313 Arsacomam,
963 4231 1020 4298 nisi
1042 4225 1227 4321 necopinata
1243 4251 1282 4296 re
1303 4229 1365 4296 olr-

147 4351 327 4445 stupuisset,
350 4344 523 4420 Macentae,
547 4342 669 4407 animae
683 4363 761 4411 suae
775 4341 863 4431 parti,
886 4342 1001 4432 gratias
1017 4352 1160 4415 acturum
1176 4364 1238 4407 non
1255 4339 1365 4406 luisse.

234 4455 355 4529 Deinde
378 4477 425 4536 ea,
448 4474 530 4541 quae
552 4473 621 4542 cap.
640 4448 698 4520 LV
721 4451 759 4518 tle
773 4452 965 4529 Arsacomae
986 4452 1106 4541 impetn
1128 4460 1224 4541 atque
1244 4450 1365 4530 nitluts
