2856 4906
666 226 703 288 15

88 392 210 486 χρόνου
230 391 381 486 ἀφίκετο,
405 404 500 484 atque
522 391 652 458 c.XVll
675 393 882 482 proferuntur,
905 388 988 456 clare
1010 388 1153 469 indicent,
1176 388 1299 457 Dioiern

88 508 119 574 in
142 506 325 573 Charicleae
348 504 475 569 domum
498 504 540 567 ire
563 501 689 567 solitum
712 505 818 569 luisse.

177 616 298 683 Deinde
320 636 367 692 ea,
390 636 470 701 quae
493 609 664 701 cap.XVll
690 611 932 693 (228,17-2Ο)
957 608 1116 697 leguntur:
1140 605 1241 678 αὐτόν
1262 635 1298 678 τε

94 723 289 795 ἀποκτείνει
310 723 368 791 τὸν
390 717 613 810 Δημώνακτα,
635 717 788 802 πατάξας
811 719 859 802 είς
879 721 938 788 τὸν
961 716 1139 808 κρόταφον,
1162 720 1299 810 κοίτην

96 836 317 923 Χαρίκλειαν,
341 829 381 899 or’r
408 834 472 920 μιᾷ
494 832 606 920 πληγῇ
627 828 758 919 ταύτην,
781 828 868 899 ἀλλά
893 831 1016 919 καὶτῷ
1036 831 1147 918 μοχλῷ
1169 828 1299 898 πολλά-

92 974 154 1026 κις,
276 945 350 1008 satis
373 941 520 1031 perplexa
546 951 627 1005 sunt.
661 944 800 1030 Apparet
822 944 903 1006 enim
926 943 964 1005 ad
981 938 1189 1027 Χαρίκλειαν
1211 939 1298 1005 etad

96 1052 135 1124 οὐ
157 1059 221 1145 μιᾷ
242 1055 353 1142 πληγῇ
374 1047 495 1137 ταίτην
518 1053 670 1137 pertinere
688 1050 827 1128 verbum,
851 1050 935 1137 quod
958 1060 1005 1115 est
1029 1045 1230 1129 ἀποκτείνει,
1252 1059 1299 1116 at·

95 1167 145 1253 qui
175 1166 204 1231 id
237 1166 261 1227 si
290 1164 330 1228 ad
360 1159 400 1229 οὐ
421 1164 485 1249 μιᾷ
511 1159 623 1248 πληγῇ
649 1155 770 1246 ταύτην
797 1162 941 1239 refertur,
975 1158 1106 1225 efficitur
1133 1161 1298 1226 sententia:

95 1297 177 1355 „nou
200 1296 260 1339 unu
285 1272 377 1362 plaga
402 1269 598 1340 Charicleam
627 1267 811 1356 interficit,
840 1271 900 1334 sed
922 1272 1023 1334 etiam
1046 1292 1122 1333 sero
1146 1293 1246 1352 suerro
1268 1278 1299 1334 et

93 1383 197 1472 gladio
219 1381 424 1448 Demonaotis
446 1385 586 1470 posteaf‘

180 1491 288 1557 Caede
311 1502 419 1557 aurem
442 1492 524 1554 iacta
548 1487 657 1555 Dinias
680 1513 715 1554 se
738 1488 776 1554 ad
800 1486 1007 1577 Agathoclem
1033 1440 1168 1567 conler13
1191 1485 1300 1553 credas

92 1624 148 1668 eos
171 1600 407 1679 deliberaturos,
430 1599 589 1688 quomodo
607 1598 715 1664 Dinias
740 1620 774 1661 se
791 1607 845 1663 aut
860 1597 995 1678 occulat,
1017 1609 1072 1661 aut
1089 1598 1163 1684 lugu
1179 1615 1300 1684 poenae

94 1709 273 1790 subtrahat,
302 1719 333 1773 et
355 1707 483 1773 consilia
511 1730 568 1773 sua
591 1709 695 1772 statim
718 1717 932 1774 exsecuturos.
977 1705 1096 1772 Sedent
1117 1708 1164 1769 isri
1188 1727 1205 1770 a
1229 1724 1303 1770 ves*

92 1842 167 1908 pere
190 1841 291 1907 usque
320 1819 359 1882 ad
389 1819 521 1907 primam
553 1815 658 1881 lucem
689 1817 778 1895 (228,
798 1817 938 1882 24-26
969 1815 1026 1881 καί
1055 1814 1094 1881 τὸ
1121 1815 1217 1903 μέχρι
1243 1804 1302 1903 τῆς

92 1929 137 1996 ίαν
261 1931 490 2008 σκοποῦντες),
514 1949 596 2014 quae
620 1927 702 1990 lucta
722 1934 810 1990 erant
830 1928 933 1989 animo
951 1925 1130 1990 volutantes
1152 1934 1301 2013 reputan-

92 2049 202 2127 tesque
226 2062 351 2116 secum,
382 2060 463 2125 quae
486 2046 641 2101 eventura
659 2037 733 2099 sint:
760 2035 798 2098 ad
827 2058 863 2098 ea
886 2033 1088 2122 perficienda,
1117 2035 1226 2114 credo,
1255 2034 1300 2100 eis

93 2158 158 2212 tota
182 2157 275 2214 nocte
299 2169 378 2236 opus
401 2168 462 2211 uon
486 2154 560 2211 erat.

82 2323 85 2328 ,
177 2256 323 2344 Denique
350 2256 388 2320 ad
412 2255 506 2334 haec,
530 2278 612 2342 quae
635 2277 661 2318 c.
677 2252 770 2320 XVII
790 2256 878 2335 (228,
896 2249 1049 2328 24-25)
1074 2256 1186 2343 scripta
1215 2264 1300 2321 suut:

92 2367 150 2435 καί
172 2367 211 2434 τὸ
233 2366 329 2457 μέχρι
351 2370 410 2456 τῆς
437 2364 481 2432 ἕω
508 2363 602 2450 παρὰ
624 2368 669 2451 τῷ
685 2360 890 2451 Ἀγαθοκλεῖ
915 2363 1081 2452 διέτριβεν
1102 2359 1301 2451 ἀναλογιζό-

91 2503 197 2562 μενοι,
220 2476 449 2565 interpretanda
474 2496 535 2539 non
558 2484 642 2539 recte
664 2473 727 2553 illo,
749 2476 882 2562 quaein
906 2473 1084 2540 Alexandro
1109 2475 1302 2553 (sivePseu·

94 2587 251 2667 demanii)
274 2583 436 2672 leguntur:
472 2580 694 2671 Κοινωνήσας
720 2581 892 2671 Βυζαντίῳ
918 2584 984 2651 τινί
1008 2581 1210 2673 χορογράφῳ
1235 2589 1301 2654 ταῖν

95 2694 284 2763 καθιέντων
306 2693 339 2773 ἐς
361 2694 439 2773 τούς
461 2689 592 2780 ἀγῶνας
615 2694 704 2762 πολύ
727 2694 979 2782 καταρατοτέρῳ
1001 2690 1184 2781 τὴνφύσιν
1208 2702 1302 2774 (κοκ-

94 2808 202 2884 κωνᾶς
225 2804 272 2883 de‘,
300 2796 412 2888 οἶμαι,
436 2800 644 2885 ἐπεκαλεῖτο)
668 2800 853 2893 περιῄεσαν
876 2800 1088 2892 γοητεύοντες
1187 2806 1226 2869 ab
1243 2804 1301 2871 ho·

94 2914 229 2980 minibus
253 2914 351 2979 doctis
374 2912 468 2980 alluta
491 2924 573 2979 sunt.
612 2916 715 3001 Atque
739 2937 809 3004 ego,
833 2936 985 3001 comper
1008 2922 1177 3002 sepateat,
1202 2938 1303 3003 quon-

93 3032 162 3088 tum
194 3022 254 3087 loci
284 3024 363 3089 inter
397 3046 431 3088 se
460 3023 586 3103 distent,
619 3023 681 3110 hoo
709 3032 829 3088 tanturn
857 3042 1088 3086 commemoro:
1129 3044 1203 3088 cum
1232 3025 1301 3112 quis

93 3133 278 3197 coniunctus
302 3155 374 3198 oum
399 3132 503 3220 aliquo
527 3128 642 3218 aliquid
664 3130 781 3204 lecerit,
803 3129 894 3195 facile
916 3153 1067 3218 apparere
1091 3139 1185 3219 atque
1207 3135 1301 3200 etiam
1380 3115 1402 3164 s

94 3239 152 3305 diei
183 3261 294 3327 posse,
322 3240 434 3305 ambos
462 3241 491 3306 id
520 3240 631 3305 iecisse
660 3242 719 3321 (τί.
742 3239 844 3306 Thuc.
862 3239 916 3321 ΙΙΙ,
937 3245 997 3306 109
1020 3242 1101 3306 rned.
1131 3238 1241 3333 κρύφα
1264 3246 1302 3314 dd

94 3347 319 3437 Δημοσθένης
349 3349 434 3433 μετά
466 3353 533 3416 ταῖν
562 3354 794 3437 συστρατηγῶν
814 3346 1025 3437 Ἀκαρνάνων
1052 3350 1303 3423 σπένδονται

95 3462 353 3541 Μαντινεῦσιν);
383 3483 457 3525 cum
479 3480 555 3523 vero
579 3460 648 3546 quis
676 3459 760 3548 apud
783 3459 919 3547 aliquem
943 3475 1155 3526 commoratus
1185 3461 1300 3553 aliquid

93 3570 209 3649 lecerit,
232 3591 273 3634 ex
295 3563 356 3631 hoc
379 3551 440 3631 noir
462 3570 565 3656 sequi,
594 3578 627 3633 ut
651 3570 744 3634 ambo
767 3569 799 3633 id
823 3569 960 3633 feceriut.
1011 3567 1119 3658 ltaque
1142 3573 1215 3638 mihi
1239 3599 1301 3643 non

93 3678 208 3742 rectius
225 3677 283 3743 dici
302 3676 436 3741 videtur:
459 3678 554 3765 παρά
580 3702 626 3768 τῳ
611 3674 845 3765 Ἀγαθοκλεῖ
867 3679 1040 3766 διέτριβεν,
1065 3675 1301 3770 ἀναλογίζομε·

95 3808 164 3863 νοι,
187 3808 280 3872 quam
303 3787 398 3877 παρὰ
419 3791 468 3874 τηῖ
488 3747 690 3875 Ἀγαθοκλεῖ
711 3784 990 3876 ἀναλογιζόμενοι
1013 3790 1188 3880 διέτριβεν.

178 3891 354 3961 Commode
379 3895 441 3966 hoc
463 3895 535 3962 loco
558 3896 629 3961 addi
651 3908 727 3986 puto
759 3898 818 3964 alia
847 3897 899 3962 vel
923 3899 998 3963 duro
1023 3899 1073 3965 vel
1097 3901 1300 3992 neglegenter

67 4026 72 4034 ·
94 4004 221 4094 scripta,
246 4012 281 4068 ut
299 4025 345 4084 eo,
368 4027 450 4092 quoe
465 4029 491 4071 c.
504 4004 576 4072 XLl
591 4017 668 4073 extr.
690 4009 776 4091 (238,
788 4011 929 4091 27·-28)
952 4009 1100 4098 leguntur
1122 4006 1210 4079 ἀλλὰ
1231 4040 1299 4082 το-

93 4109 264 4203 φλαίαας
280 4110 337 4179 καί
358 4111 481 4195 αὐτὸς
498 4113 626 4198 ἑαυτόν,
651 4112 882 4207 ἀμφότεροι
904 4115 1089 4202 κάθηνται,
1112 4130 1143 4186 et
1162 4144 1199 4187 ea
1218 4143 1300 4209 quae

93 4221 204 4290 c.LVl
224 4221 310 4306 (244,
321 4222 461 4306 ast-25)
483 4228 598 4316 scripta
615 4237 703 4293 sunt:
723 4254 780 4297 και
771 4228 922 4309 ίλεως
942 4229 1004 4313 μὲν
1026 4257 1044 4304 ο
1066 4225 1222 4317 ἀκινάκης
1243 4233 1300 4301 καί

94 4327 112 4398 ὁ
142 4325 264 4418 άνεμος
294 4326 393 4402 εἶεν.

177 4441 300 4509 Deinde
314 4466 383 4534 cap.
394 4441 570 4511 XXXVlll
587 4447 673 4529 (237,
687 4450 824 4533 15-1η
847 4450 927 4516 haee
943 4471 1091 4537 perverse
1107 4450 1188 4516 dieta
1207 4462 1296 4521 sunta
