2856 4906
49 4586 81 4622 h.

89 379 166 425 nam
192 355 277 426 unde
303 358 454 447 quitum
479 357 617 448 pr'nnum
647 359 680 423 in
707 355 876 424 Graeciam
900 349 1313 446 proficiendnm-ullam

89 466 358 560 sycophantarum
384 469 526 536 notitiam
551 465 670 534 habere
695 463 892 555 potuemut?
923 475 1043 554 quanto
1070 464 1175 555 aptius
1195 473 1231 531 ct
1255 465 1315 545 ita,

89 585 204 645 utres
230 576 427 668 postulabat,
453 577 613 645 Lucienus
635 575 858 658 Anacharsim,
886 601 962 644 cum
985 575 1127 643 Atlrenas
1158 575 1314 671 venisset,

90 685 233 754 Graecos
255 710 363 755 mores
384 699 417 755 et
437 690 578 755 instituta
598 689 798 777 ignorantem
819 687 903 756 tecit

176 795 299 865 Deinde
319 820 390 890 cap.
405 797 466 865 Lx
480 801 567 884 (246,
582 801 611 883 l)
633 798 775 866 Sisinnes
802 821 878 864 cum
903 795 1077 888 gladiatore
1104 819 1253 886 pugnam
1280 798 1315 863 in

90 906 209 999 poplite
239 905 436 989 vulneratur3
467 908 627 998 quomodo
662 918 771 975 autem
798 910 880 986 eius,
914 908 969 996 qui
995 906 1149 973 adversus
1177 916 1315 996 pugnet,

90 1015 203 1109 poples
231 1018 321 1084 caedi
341 1021 457 1108 possit,
485 1020 630 1108 equidem
652 1043 705 1085 ure
725 1042 789 1087 non
810 1017 993 1108 intellegere
1013 1014 1178 1107 profiteor,
1203 1038 1316 1107 neque

91 1127 210 1211 dubito,
226 1129 301 1218 quin
311 1127 472 1195 Lucienus
489 1132 585 1196 etiam
596 1128 659 1196 hoe
669 1129 786 1196 vulnus
798 1131 829 1195 in
843 1128 905 1195 illis
925 1124 1117 1206 ἀπιθάνοις
1136 1123 1315 1216 τραύμασι

90 1249 313 1306 numeraturus
335 1240 440 1323 tuerit,
469 1263 553 1329 quae
573 1242 605 1307 in
625 1238 704 1307 libro
726 1239 767 1306 de
789 1262 910 1308 eomer.
928 1239 999 1305 trist
1020 1234 1126 1305 cxx
1149 1235 1199 1320 (ΙΙ
1211 1239 1316 1328 η.28,

91 1347 233 1435 23-25)
255 1349 368 1417 irridet

178 1459 370 1528 Perversum
397 1464 495 1529 etiam
515 1461 592 1530 illud
613 1471 676 1545 est,
701 1463 787 1551 quod
808 1462 950 1529 Sisinnes
971 1463 1002 1527 in
1024 1463 1088 1527 rita
1109 1459 1237 1549 quidem
1261 1483 1315 1526 re·

89 1572 248 1639 mansisse
277 1571 403 1655 dieitur,
436 1570 615 1639 claudicare
646 1594 721 1640 vero
753 1574 857 1641 nihilo
885 1578 998 1641 ιιιὶκιικ
1030 1571 1102 1661 (καὶ
1129 1571 1189 1639 ἐπὶ
1216 1554 1314 1639 πολι)

93 1683 329 1772 θεραπευθεὶς
355 1682 498 1772 ἐπέζησε
515 1683 579 1768 μέν
671 1683 781 1768 χωλὸς
808 1684 848 1751 δέ
866 1683 958 1753 ἐστιν
980 1680 1087 1768 ὅμως
1108 1684 1187 1771 ...)
1215 1683 1313 1772 qussi

93 1803 206 1862 natura
229 1795 273 1860 ita
295 1793 388 1874 ierat,
411 1805 447 1860 ut
467 1796 508 1877 is,
535 1796 590 1883 qui
610 1797 748 1884 graviter
772 1796 804 1861 in
824 1794 906 1884 pede
934 1793 1119 1861 vulneratus
1146 1802 1316 1861 recreatus

93 1915 152 1989 est,
173 1928 213 1972 ιιε
235 1901 415 1974 claudicare
436 1903 565 1993 quidem
586 1928 628 1970 ex
649 1904 780 1971 vulnere
800 1914 934 1994 accepto
954 1907 1065 1995 possit

178 2013 213 2082 ln
236 2014 358 2082 decima
381 2023 488 2081 autem
510 2015 686 2082 narratione
708 2037 736 2080 c.
751 2012 827 2081 LXI
842 2016 932 2103 (246,
942 2017 996 2098 22)
1019 2038 1078 2080 suo
1098 2034 1189 2081 more
1211 2013 1317 2102 scrip·

93 2135 153 2209 tor,
173 2134 209 2190 ut
228 2123 404 2215 perietdum
424 2127 528 2191 maius
550 2148 622 2191 esse
643 2126 810 2207 videretur,
831 2130 935 2215 inepte
957 2125 1086 2193 addidit:
1118 2123 1177 2193 καὶ
1197 2119 1316 2193 πάντα

94 2233 337 2325 περιεκλείετο·
376 2258 452 2302 nam
479 2257 583 2324 neque
616 2245 681 2301 tam
707 2234 872 2304 artificiose
899 2246 930 2303 et
955 2235 1084 2302 firmiter
1108 2236 1316 2323 antiquorum

95 2347 308 2417 aedificiorum
329 2348 412 2413 [ores
435 2344 560 2412 occludi
581 2355 735 2435 poterant,
756 2357 792 2413 ut
813 2368 876 2414 non
896 2345 990 2414 facile
1009 2350 1093 2413 intus
1107 2347 1317 2438 aperirentur,

87 2482 199 2549 ‚neque
221 2456 408 2525 Abaucham
430 2464 647 2545 erumpentem
670 2454 799 2523 clausae
822 2458 905 2524 sores
925 2456 1148 2547 impediebant.

181 2567 366 2657 Sequuntur
387 2567 418 2632 in
441 2566 553 2632 eodem
575 2569 677 2658 eapite
695 2566 790 2636 haec:
815 2570 874 2637 καὶ
893 2564 989 2659 ἔφθη
1005 2567 1208 2649 διεκπαίσας
1228 2565 1313 2637 καθ’

95 2673 117 2750 ὃ
144 2679 288 2769 μηδέπω
314 2677 438 2758 τελέως
463 2673 673 2746 ἀπεκέκαυτο
692 2672 762 2746 ὑπὸ
793 2683 856 2747 τοῦ
881 2676 1004 2770 πυρός,
1032 2704 1115 2770 quae
1143 2678 1315 2747 lacobitius

94 2792 139 2859 ita
160 2791 393 2879 interpretatus:
425 2789 547 2877 „erupit
574 2812 611 2854 ea
638 2796 728 2877 parte
753 2788 852 2871 domi,
880 2814 963 2879 quae
988 2814 1027 2857 ea
1055 2791 1196 2858 nondum
1217 2789 1316 2880 plane

94 2899 237 2967 incendio
253 2896 355 2966 deleta
369 2900 500 2978 luerat“,
521 2899 572 2978 „in
586 2895 697 2979 hano,“
712 2899 820 2987 inquit,
835 2900 1118 2991 „simplicissimam
1133 2899 1314 2991 explicandi

95 3010 247 3077 rationem
270 3009 424 3099 estquod
448 3009 567 3075 mireris
594 3009 752 3075 neminem
778 3007 933 3077 editorum
955 3011 1141 3095 incidisse“;
1168 3011 1226 3079 sed
1248 3011 1316 3079 hoc

96 3143 172 3189 cum
194 3120 271 3187 dixit
291 3119 388 3186 homo
412 3118 523 3186 doctus
545 3140 608 3186 non
631 3119 717 3201 vidit,
737 3119 830 3203 hanc,
852 3143 948 3209 ηυαιιι
970 3121 1231 3212 simplicissimam
1252 3143 1314 3186 ex·

96 3227 231 3319 plicandi
257 3231 409 3296 rationem
439 3227 568 3310 diceret,
600 3250 663 3295 non
690 3229 770 3296 bene
795 3240 950 3299 constare.
1003 3229 1090 3300 Nam
1115 3256 1190 3300 eum
1215 3230 1314 3297 inter·

96 3347 248 3430 pretetur:
280 3340 403 3429 „erupit
425 3364 465 3406 en
484 3349 587 3425 purte
602 3339 686 3406 domi
693 3390 702 3421 ‚
732 3363 795 3428 qua
823 3362 862 3407 ea
882 3343 1024 3409 nondum
1045 3347 1149 3429 plone
1168 3339 1313 3409 incendio

97 3451 209 3519 deleta
230 3452 365 3533 fuerat“,
387 3459 505 3516 statuat
526 3458 662 3540 oportet,
689 3449 825 3540 reliquas
848 3452 978 3520 aedificii
1004 3463 1111 3543 partes
1132 3454 1196 3517 iarn
1217 3448 1316 3540 plane

95 3560 240 3627 incendio
263 3559 382 3629 deletas
404 3561 515 3642 fuisse3
549 3569 617 3626 turn
638 3583 715 3627 vero
740 3561 915 3629 mirandum
937 3573 995 3644 est,
1017 3561 1225 3629 coenaculum
1248 3584 1317 3631 non

98 3670 280 3754 concidisse,
303 3671 423 3739 amieos
444 3672 475 3737 in
489 3670 584 3738 domo
607 3669 749 3737 incendio
765 3675 904 3739 maxima
927 3696 968 3741 ex
988 3681 1077 3761 parte
1097 3669 1192 3760 plane
1206 3666 1316 3739 deleta

97 3781 236 3869 integros
263 3783 423 3848 mansisse.
467 3780 622 3870 Equidem
648 3802 689 3846 ne
711 3781 773 3845 boc
799 3783 927 3870 quidem
954 3777 1121 3868 intellego,
1149 3781 1315 3868 quomodo

97 3890 217 3959 minore
228 3914 301 3958 cum
314 3890 452 3984 periculo
463 3889 632 3958 Abauchas
643 3915 680 3957 ea
692 3901 781 3981 parte
793 3893 905 3957 domus
917 3891 1062 3978 eruperit,
1073 3913 1156 3979 quae
1167 3891 1315 3959 incendio

97 4005 246 4070 nondum
257 4004 360 4089 plone
373 3999 476 4068 delete
487 4000 588 4082 fuerit,
602 4001 757 4090 (μηδέπω
771 3999 918 4080 τελέως
933 3994 1212 4084 ἀπεκέκαυτο),
1228 4023 1316 4090 quae

97 4111 192 4204 igitur
205 4123 272 4180 turn
288 4112 424 4179 maxime
437 4109 601 4199 flagrabat,
624 4133 719 4200 quam
734 4132 781 4190 ea,
805 4131 886 4198 quae
900 4111 1042 4178 incendio
1061 4114 1123 4179 iam
1146 4121 1212 4180 tota
1234 4134 1316 4181 cou-

96 4232 227 4315 sumpta
246 4221 346 4288 fuerit.
389 4217 499 4307 ltaque
520 4241 583 4285 non
603 4220 631 4285 ei
653 4217 847 4308 vituperandi
871 4245 944 4291 erse
966 4224 1125 4304 videntur,
1154 4224 1209 4312 qui
1235 4224 1316 4290 satis

15 4405 19 4413 ,
97 4331 241 4401 idoneam
252 4329 534 4421 interpretationem
546 4349 609 4394 non
621 4330 888 4417 excogitaverunt,
904 4334 959 4400 sed
970 4335 1006 4415 is,
1018 4335 1070 4422 qui
1082 4332 1316 4422 simplicissima

100 4462 172 4510 crte
186 4465 224 4510 ea
237 4441 368 4532 putavit,
391 4460 473 4528 quoe
486 4439 624 4507 maxime
638 4435 804 4531 implicato,
826 4443 878 4512 vel
892 4446 997 4535 potius
1011 4443 1149 4512 absurda
1164 4454 1251 4513 sunt.
