2856 4906
699 236 720 299 4

106 409 287 499 llnesippus
310 408 447 488 dixisset,
471 406 728 487 „benevolentiae
752 427 848 470 causa
872 426 947 494 ergo
971 405 1014 470 eis
1038 405 1186 471 sacrilicia
1210 404 1321 485 tacitis,

107 543 181 586 nam
204 520 370 607 impetrare
394 519 563 605 quicquam
586 515 624 580 ab
649 515 708 595 eis,
731 537 804 580 cum
826 515 941 580 mortui
963 515 1031 594 sint,
1053 535 1115 579 non
1136 515 1297 603 potestis.“

194 627 303 694 Simile
327 627 435 690 vitium
452 628 532 692 inest
553 625 701 713 incapite
723 626 830 712 quinto
855 631 896 712 (p.
908 625 980 688 222.
997 629 1097 707 extu),
1119 627 1229 713 inquo
1248 622 1321 688 loco

108 735 337 826 interpretando
353 736 465 800 frustra
483 736 520 801 ab
538 735 714 800 hominibus
731 733 829 798 doctis
854 756 981 823 operam
998 756 1069 799 esse
1092 742 1323 822 consumptam,

110 851 177 935 quis
206 847 345 926 miretur,
373 869 445 910 cum
469 844 641 911 concedere
668 865 729 908 non
757 845 972 921 sustinuerint,
1001 866 1148 933 perverse
1179 845 1325 907 enuntia-

110 958 225 1021 tionem
254 953 311 1021 καὶ
333 950 401 1022 ὑπὸ
429 959 571 1023 Σκυθῶν
597 958 662 1021 τῶν
694 949 837 1042 ἀρίστων
864 948 1125 1041 θεραπεύεσθαι
1147 954 1206 1032 eiS,
1239 974 1325 1039 quae

111 1065 311 1143 antecedant,
353 1066 530 1129 adiunctam
564 1062 657 1129 esse?
706 1063 745 1127 Et
782 1061 945 1128 lacobitius
981 1063 1106 1152 quidem
1119 1069 1157 1144 *),
1199 1063 1249 1150 qai
1284 1061 1325 1123 de

111 1173 251 1266 Luciano
275 1175 395 1237 edendo
424 1173 503 1240 bene
526 1175 651 1251 meruit,
676 1172 776 1237 allatis
800 1196 839 1236 ex
862 1195 929 1261 cap.
948 1171 1026 1238 XXI
1049 1175 1115 1237 eius
1138 1170 1247 1248 libelli,
1270 1172 1325 1256 qui

113 1286 151 1348 de
179 1291 279 1346 morte
302 1281 461 1371 Peregrini
489 1283 676 1359 inscribitur,
708 1284 854 1347 extremis
878 1283 924 1346 his
954 1283 1069 1346 verbis:
1106 1276 1238 1359 ἀνοῖξαι
1260 1278 1325 1367 γὰρ

54 1451 58 1460 .
113 1394 166 1458 δεῖ
182 1388 340 1475 μόνοντὰ
357 1388 464 1475 στόμα
480 1393 536 1458 καὶ
551 1387 669 1459 αὐτίκα
683 1388 848 1459 τεθνάναι
869 1415 928 1470 „ex
945 1391 1147 1456 antecedente
1163 1387 1186 1456 o‘
1192 1417 1209 1469 ς
1224 1386 1326 1476 χρήίί,

111 1503 225 1590 inquit,
252 1503 460 1589 „cogitatione
484 1502 521 1566 ad
546 1500 624 1566 haec
648 1501 846 1586 (Toxaridis)
877 1501 972 1566 verba
1001 1503 1080 1567 adde
1110 1495 1155 1580 ὡς
1182 1495 1326 1567 δυνατόν

113 1613 203 1680 ἐστιν
225 1622 254 1677 et
269 1611 389 1676 videbis
414 1611 507 1676 verba
525 1614 640 1698 optime
662 1611 858 1677 cohaereret
903 1610 967 1675 Sed
983 1613 1101 1675 etiamsi
1123 1611 1327 1686 concedatur,

113 1743 208 1810 posse
237 1743 277 1784 ex
307 1721 509 1785 antecedente
537 1715 583 1798 ὡς
603 1719 663 1809 χρὴ
692 1720 731 1785 ad
758 1718 807 1783 illa
840 1721 932 1786 verba
962 1722 1150 1808 cogitatione
1178 1722 1248 1784 addi
1278 1714 1328 1799 ὡς

115 1827 257 1898 δυνατόν
278 1831 376 1910 ἐστιν,
399 1831 482 1918 quod
499 1828 585 1893 nullo
609 1839 681 1918 apto
705 1826 848 1917 exemplo
872 1828 1052 1894 alacobitio
1076 1828 1240 1916 probatum
1266 1839 1328 1908 est,

114 1951 216 2006 tamen
238 1961 437 2028 nequaquam
462 1962 498 2002 ea
522 1938 600 2003 bene
616 1939 811 2003 cohaereant.
841 1939 1001 2022 Quicnim
1025 1947 1109 2002 recte
1127 1938 1184 2001 dici
1205 1947 1327 2025 potest:

113 2050 218 2137 „quod
241 2059 346 2114 antem
367 2049 503 2112 maxime
524 2049 552 2111 in
576 2047 633 2112 illis
658 2049 796 2112 admirati
821 2047 1045 2136 praedicamus,
1068 2045 1129 2112 lroc
1153 2057 1213 2127 est,
1237 2051 1328 2133 quod

116 2157 204 2223 nobis
232 2160 371 2223 omnium
399 2159 653 2245 praestantissimi
683 2158 771 2222 amici
805 2157 862 2244 ipsi
890 2179 974 2235 esse,
1010 2167 1040 2221 et
1073 2160 1178 2223 alios
1213 2179 1328 2222 omnes

115 2267 261 2333 docuisse
295 2265 480 2330 videbantur
508 2268 596 2346 (aliis
625 2267 769 2331 omnibus
799 2265 973 2330 conditores
1010 2268 1163 2331 exstitisse
1190 2266 1328 2353 legum),

116 2385 151 2441 ut
173 2370 244 2458 (ὡς)
268 2398 340 2440 cum
365 2376 471 2439 amicis
498 2397 622 2439 omnem
646 2377 801 2440 fortunam
829 2376 1035 2439 communiter
1057 2376 1135 2440 terre
1158 2387 1328 2465 oporteret,

114 2494 145 2550 et
178 2495 214 2550 ut
246 2489 286 2551 ab
314 2488 447 2570 optimis
476 2485 611 2570 Scyllis
642 2484 701 2549 coli
738 2494 866 2573 possent
899 2480 962 2564 (ὡς
991 2483 1132 2552 δυνατόν
1165 2487 1328 2570 aaaron?

103 2593 304 2683 ,Exemplum
325 2603 440 2671 autem,
463 2591 545 2679 quod
561 2592 727 2657 lacobitius
751 2596 846 2674 affert,
869 2617 996 2682 prorsus
1019 2595 1097 2661 alius
1121 2599 1243 2684 generis
1266 2610 1328 2664 est.

88 2703 226 2768 ,Solent
253 2704 334 2769 enim
365 2702 490 2778 Graeci,
529 2722 601 2764 cum
637 2699 751 2788 aliquid
779 2704 897 2768 lactum
925 2728 995 2769 esse
1023 2729 1158 2771 recenseo
1186 2716 1251 2785 est,
1289 2719 1327 2772 ut

115 2811 198 2877 aliud
222 2812 301 2877 ellici
323 2812 435 2900 possit,
465 2813 558 2874 etiam
582 2808 643 2875 lroc
673 2810 819 2900 singulari
848 2812 984 2900 quadam
1014 2816 1245 2881 ratiocinatione
1268 2841 1328 2882 ne·

116 2922 252 2986 cessario
274 2919 338 2985 sieri
362 2921 478 3000 dicere;
512 2919 564 2984 vel
588 2921 681 2985 etiam
704 2943 777 2986 cum
804 2923 963 3012 participio
989 2934 1116 2990 utuntur
1138 2928 1204 2991 eius
1227 2930 1328 3010 verbi,

116 3029 200 3118 quod
225 3032 361 3095 continet
382 3031 421 3110 id,
444 3029 527 3118 quod
550 3038 640 3094 antea
663 3031 780 3095 lactum
804 3054 874 3096 esse
897 3043 1028 3122 oportet,
1053 3043 1086 3098 ut
1108 3035 1216 3102 deinde
1239 3037 1329 3107 aliud

117 3136 233 3226 aliquid
249 3137 328 3202 ellici
348 3140 456 3227 possit,
479 3138 582 3202 solum
606 3139 644 3202 ad
668 3138 737 3220 lroc,
762 3142 845 3228 quod
863 3151 929 3207 tum
948 3143 1089 3226 demum,
1106 3168 1178 3211 cum
1195 3145 1255 3211 alia
1273 3171 1328 3217 res

117 3255 207 3335 gesta
224 3255 280 3325 est,
302 3244 367 3311 fieri
382 3257 494 3336 potest,
518 3249 570 3314 dei
585 3256 616 3312 et
627 3248 687 3336 χρῆ
711 3249 806 3314 verba
822 3252 935 3317 reterre
954 3253 1105 3320 videntur.
1150 3255 1328 3346 Singularis

118 3357 198 3422 liaeo
221 3365 269 3420 est
291 3358 499 3436 ratiocinatio,
521 3360 576 3423 sed
600 3381 661 3424 non
683 3361 774 3425 nimis
797 3359 915 3440 audax;
949 3384 1020 3426 narn
1042 3367 1213 3429 necessitas
1236 3369 1260 3430 si
1285 3371 1328 3437 ad

120 3488 249 3531 causam
276 3467 422 3554 pertinet,
450 3469 541 3534 etiam
572 3471 610 3534 ad
638 3470 784 3534 effectum
810 3468 964 3535 interdum
993 3471 1224 3559 quodammodo
1251 3499 1327 3564 per.

118 3577 214 3642 tinere
235 3584 340 3664 potest
362 3577 467 3642 videri.
513 3579 606 3663 Quod
629 3581 761 3644 sortasse
784 3580 884 3666 magis
911 3579 1078 3667 apparebit,
1101 3582 1125 3644 si
1148 3579 1198 3646 hic
1212 3580 1326 3649 Xeno·

119 3683 244 3774 phontis
266 3684 357 3751 locus
381 3688 558 3770 (Ananlv,
581 3691 611 3770 2,
634 3689 676 3773 3.)
700 3679 786 3775 ἦσαν
815 3687 873 3778 dari
891 3684 1058 3775 χαράδρα,
1084 3682 1126 3777 ἣν
1150 3685 1221 3756 ἔδει
1243 3692 1324 3760 δια-

119 3791 243 3879 βάντας
265 3793 350 3882 node
371 3797 410 3865 τὸ
427 3791 548 3886 ὄρθιον
563 3795 727 3882 ἐκβαίνειν
751 3799 842 3883 (quas
865 3795 972 3859 lauces
988 3798 1136 3862 transisse
1151 3821 1206 3864 eos
1229 3822 1325 3890 opor.

118 3903 212 3986 tebat,
235 3915 269 3970 ut
282 3927 410 3972 sursum
429 3913 645 3987 ascenderent)
669 3905 710 3968 ita
726 3911 875 3966 vertetur:
899 3925 997 3991 „quas
1019 3906 1125 3972 lauces
1140 3911 1268 3975 transire
1293 3926 1326 3981 et

118 4013 227 4079 deinde
255 4037 380 4081 sursum
403 4014 572 4080 ascendere
595 4011 786 4102 oportebat.“
830 4010 939 4077 Simile
963 4023 1010 4078 est
1033 4014 1092 4081 hoc
1106 4015 1324 4106 Euripideum:

120 4120 155 4190 ci
180 4122 240 4211 χρὴ
269 4123 328 4190 τὸν
355 4117 479 4191 ἄθλιον
508 4116 694 4209 δράσαντάς
724 4143 779 4186 σοι
806 4119 1027 4211 occultandae?
1064 4126 1221 4213 quomodo
1249 4151 1326 4198 cum

119 4233 233 4297 misero
263 4233 313 4318 agi
341 4238 478 4319 oportet,
513 4238 545 4293 ut
574 4228 624 4294 tibi
653 4238 776 4318 gratum
805 4229 880 4296 liat?
926 4231 1072 4298 Eiusdem
1100 4237 1221 4322 generis
1252 4261 1327 4308 esse

116 4366 318 4382 r--—·-··-···-

189 4441 218 4507 *)
246 4443 313 4495 Vide
330 4443 401 4494 hunc
418 4445 504 4496 locum
523 4447 551 4497 in
571 4447 637 4497 Tox.
657 4445 689 4496 ab
709 4463 738 4496 eo
758 4448 834 4499 edito.
