2856 4906
695 232 737 302 74

177 406 288 476 dicitur
316 409 354 474 16
368 406 454 492 (227,
471 409 542 492 20),
574 405 636 491 (ele
656 407 701 473 eie
722 406 773 473 ilrn
799 409 868 496 [vor
891 396 1188 492 lriolresocltuouolrt]
1211 403 1324 471 tenen

175 516 385 585 echimrnernd
407 516 495 602 sah),
523 516 603 582 solet
631 526 736 582 autem
764 515 844 582 lraec
875 538 939 582 vox
963 517 1001 582 de
1025 516 1197 581 amentium
1220 515 1323 596 ebriis,

172 627 316 719 putribus
337 627 437 694 oculis
460 628 612 717 usurpari,

181 743 213 796 el.
232 741 352 808 Alciphr.
372 743 391 805 l,
405 741 448 804 28,
468 741 524 803 ,6.2.
544 736 660 808 τακερόν
677 743 787 812 βλέμμα
805 744 920 808 βλέπεις,
939 744 985 806 111,
997 741 1040 806 85,
1061 744 1082 804 ἓ.
1094 741 1120 794 8.
1139 739 1256 809 τακερόν
1274 741 1323 791 καλ

181 833 268 906 ὑγρόν
289 834 484 905 προσβλέπων,
502 837 565 901 α11ο,
584 844 613 890 ut
632 839 744 905 ιανεραλ
762 832 853 904 κόραι,
871 840 900 889 in
918 837 1013 888 lexicis
1032 837 1184 887 affmuutur.
1319 879 1323 885 .

114 943 331 1037 Τινράνιλινοι
353 944 497 1012 dicuntur
516 943 646 1030 ἅμαξαι
667 949 708 1010 46
726 944 815 1027 (240,
833 946 996 1029 11·-12),
1018 942 1211 1034 ridiculeque
1234 946 1323 1011 attri-

120 1088 123 1092 ⁴
174 1057 260 1124 butio
288 1055 454 1137 rlomuum,
484 1054 700 1122 cubiculorum
727 1047 1171 1147 ριομι·1ο(οἶνιοισριίιλινοι,
1200 1051 1321 1144 τετρό-

121 1218 123 1225 .
173 1168 294 1248 norror,
324 1162 523 1234 πολύκλινοι
550 1162 608 1231 dici
635 1163 748 1248 solent)
777 1166 815 1231 ad
839 1164 993 1255 plauetra,
1021 1188 1118 1254 quae,
1142 1174 1177 1229 ut
1200 1162 1322 1236 Horatii

174 1276 277 1344 verbis
305 1287 388 1356 utar,
423 1275 613 1364 Scythrrrum
641 1298 741 1363 vegas
774 1277 830 1341 rite
863 1273 974 1341 domos
1004 1274 1183 1355 tralrelraut,
1217 1285 1321 1341 trans-

173 1387 236 1454 lata
259 1396 316 1453 eet

115 1494 313 1588 Τομώτιραι
339 1493 479 1586 πράξεις
507 1496 643 1587 petraei
675 1496 788 1586 legitur·
819 1497 851 1562 11
877 1497 971 1578 (226,
994 1496 1070 1581 26);
1109 1504 1142 1561 at
1169 1490 1268 1584 λόγοι
1297 1499 1323 1562 si

125 1618 127 1623 ’
173 1605 358 1698 τομώτεροι
379 1607 537 1689 dicuntur,
564 1630 627 1674 non
651 1617 700 1673 est
721 1629 778 1673 cur
799 1605 982 1697 metaphora
1006 1627 1068 1672 non
1089 1605 1242 1696 probetur
1262 1608 1321 1690 (cl.

178 1719 310 1786 Dorvill.
333 1718 373 1784 ad
395 1717 512 1785 Charit.
534 1743 564 1809 p.
576 1718 668 1802 483);
691 1713 832 1808 πράξεις
852 1713 1040 1806 τομώτεραι
1060 1736 1136 1783 cum
1156 1725 1325 1798 vocantur,

172 1829 332 1895 translatio
353 1827 554 1893 intolerabilis
577 1838 634 1894 est.

112 1937 207 2011 Oiirco
234 1940 296 2026 μὲν
324 1935 342 2007 ὃ
365 1939 544 2028 Μακέντης
570 1935 636 2028 ἔφη
657 1942 702 2029 τῷ
718 1934 911 2030 Ἀρσακόμᾳ
933 1939 975 2004 63
993 1938 1086 2022 (243,
1104 1939 1164 2022 22)
1192 1944 1324 2006 rectene

173 2051 338 2132 dictasint,
361 2048 484 2130 dubito,
508 2058 591 2115 certe
613 2049 687 2115 nihil
702 2049 801 2115 simile
822 2051 959 2116 invenire
979 2050 1079 2139 potui3
1101 2047 1226 2133 (Latine
1241 2067 1322 2116 non-

173 2184 346 2252 numquam
369 2160 505 2250 „inquit“
527 2181 599 2224 cum
623 2159 727 2225 dativo
750 2161 969 2250 coniungitur).

108 2292 230 2386 Χρόνῳ
253 2295 425 2386 significare
449 2294 544 2360 solet:
577 2294 765 2382 procedente
793 2304 949 2384 tempore,
981 2291 1156 2384 paullatim,
1191 2294 1322 2360 tandem

173 2405 354 2497 aliqnaud03
379 2412 410 2468 at
731 2387 733 2392 ¹

108 2513 215 2609 χρόνῳ
237 2517 276 2585 δὲ
296 2536 352 2606 pro
375 2511 512 2603 ὕστερον
534 2513 573 2581 δέ
596 2517 838 2604 (postea'vero)
867 2514 896 2580 in
921 2512 1077 2580 Toxaride
1097 2513 1138 2578 24
1157 2513 1244 2596 (231,
1263 2513 1321 2600 31)

174 2626 277 2693 solum
300 2625 509 2690 videturesse
526 2624 653 2702 dictum,
676 2643 777 2713 neque
793 2623 876 2714 apud
890 2622 1052 2714 Vigerium
1070 2629 1112 2714 (ρ.
1123 2623 1180 2710 57)
1195 2632 1323 2713 praeter

172 2736 255 2804 hunc
282 2734 390 2802 locum
419 2732 518 2799 ullum
547 2730 630 2798 aliud
660 2733 698 2798 ad
726 2732 807 2798 lrenc
834 2731 1091 2822 significationem
1122 2732 1321 2840 probandam

173 2844 353 2935 exemplum
376 2844 510 2909 allertur.

194 2978 341 3069 Cumque
372 2980 434 3044 iam
456 3000 550 3067 supra
573 2979 899 3060 commemoraverim,
932 2977 1116 3069 scriptorem
1140 2976 1322 3064 Toxandis,

104 3090 136 3158 id
159 3088 243 3179 quod
265 3110 327 3155 non
349 3086 419 3154 leve
441 3087 565 3176 signum
582 3094 640 3168 est,
662 3109 735 3153 eum
758 3109 798 3152 ex
819 3087 1041 3177 posterioribus
1065 3110 1143 3171 esse,
1166 3110 1228 3157 non
1251 3093 1316 3158 iam

107 3198 182 3265 satis
205 3195 410 3278 intellexisse,
440 3216 522 3285 quae
546 3196 592 3260 vis
615 3196 652 3261 sit
673 3197 955 3288 praepositionum,
986 3199 1098 3289 quibus
1122 3221 1218 3266 voces
1243 3200 1321 3267 sub·

106 3310 284 3399 iungantur,
307 3310 374 3375 eius
396 3307 440 3374 rei
463 3305 543 3373 haec
566 3308 630 3373 lere
653 3308 796 3398 exempla
820 3318 905 3375 sunt:

102 3440 252 3535 Ἕπιζῆν,
276 3441 360 3532 quod
384 3436 558 3532 significare
582 3441 673 3509 solet:
698 3440 776 3510 ultra
799 3444 913 3525 vivere,
937 3446 1135 3536 superstitem
1158 3461 1238 3526 es'se,
1261 3468 1320 3537 pro

172 3549 405 3636 διασώζεσθαι
428 3554 544 3620 dictum
568 3563 615 3618 est
638 3555 680 3618 60
695 3556 780 3637 (246,
793 3555 835 3641 8).

105 3688 209 3756 urtam
223 3689 254 3754 in
268 3687 365 3753 verbo
379 3687 663 3771 ἐπικαλαμᾶσθαι
680 3690 811 3772 16(22Ο,
824 3694 871 3774 10)
888 3693 1075 3782 praepositio
1091 3691 1151 3762 ἐπί
1165 3715 1325 3783 supernae

171 3818 268 3863 cenea
285 3797 406 3862 videtur
423 3821 508 3880 csse3
524 3797 701 3886 Hesychius
717 3801 798 3864 euim
814 3800 947 3891 simplex
961 3803 1094 3869 verbum
1109 3805 1149 3872 ita
1167 3800 1320 3892 explicat:

169 3907 395 3992 καλαμᾶσθαι
417 3907 579 3994 λέγουσιν,
603 3905 683 3976 ὅταν
705 3907 820 3976 ἐκτῶν
840 3911 1085 4000 τετρυγημένοι
1108 3910 1318 4002 ἇπολείμτ

168 4015 278 4101 ματα
294 4041 387 4086 τινα
410 4014 657 4106 συνάγουσιν
679 4013 701 4108 ἢ
723 4017 880 4104 σοάχυας;
904 4020 1062 4099 (etthei.
1078 4027 1149 4109 126,
1167 4028 1250 4092 loct
1265 4029 1322 4114 17)

171 4135 265 4214 atque
275 4127 356 4213 apud
365 4126 522 4193 Plutarch.
531 4127 750 4220 apoplrthreg.
759 4129 897 4219 Antigp.
907 4130 1221 4216 ltlolraeetranslata
1230 4137 1325 4205 uerbi

106 4308 306 4322 μ--υ-ι

107 4402 178 4470 qno
198 4409 239 4455 est
261 4397 375 4472 τακερός
399 4404 450 4455 hoc
474 4403 584 4453 dicitur:
613 4402 768 4466 „Lucienus
793 4410 881 4456 eutem
904 4421 979 4457 serres
1002 4405 1134 4476 τακεροὺς
1155 4426 1203 4478 per
1229 4414 1322 4465 iocum

107 4493 193 4552 mn,
212 4489 283 4556 quot
299 4502 389 4542 eom
408 4505 468 4544 cero
487 4488 571 4542 veluti
588 4495 719 4542 macerata
736 4496 762 4542 et
780 4491 913 4545 tabefacts
930 4494 966 4544 eit
984 4497 1144 4546 γυιώσω(
