2856 4906
675 229 723 293 os

106 477 109 480 ,
171 399 222 469 Ex
242 411 332 494 parte
354 400 466 471 similia
488 400 568 468 haee
591 407 676 465 sunt:

122 516 241 589 Aloiphr.
257 518 302 580 nt,
313 513 357 580 50,
374 516 439 578 §.12
469 511 501 565 οὐ
529 511 584 583 γάρ
611 512 772 565 δαπανᾶται
799 513 836 572 εἰς
855 510 939 578 αὐτὴν
955 515 1074 581 χρυσίον
1092 513 1139 562 καὶ
1157 507 1299 582 ἀργύριον,

106 583 112 595 ”
158 607 220 660 ἀλλ’
241 602 293 676 ἤδη
312 611 359 660 καὶ
377 611 519 667 arroasiae
537 609 585 661 καὶ
603 603 714 678 ἀγρούς.

125 704 191 759 Tox.
206 703 239 758 15
250 704 323 770 (227,
334 704 449 760 28-30)
468 701 501 756 τὰ
520 701 647 774 μὲνγὰρ
666 701 742 771 δῶρα
762 697 795 752 οὐ
814 698 884 753 κατὰ
901 702 975 772 μῆλα
990 729 1021 737 -
1041 699 1202 752 ἀντεδίδοτο
1221 696 1299 766 αὐτῇ,

160 793 229 849 ἀλλὰ
249 803 385 852 συνοικίαι
405 795 466 850 ὅλαι
487 799 534 849 καὶ
552 791 644 866 ἀγροί,

89 910 171 978 quae
199 888 260 955 hoe
287 886 357 957 ioco
387 911 450 956 non
480 877 584 955 solum
611 899 737 980 propter
767 886 997 954 similitudinem
1026 889 1172 955 orationis
1195 890 1299 980 prote·

88 996 184 1065 reuda
207 1008 306 1081 erant,
330 1001 384 1066 sed
408 1000 502 1064 etiam
524 997 611 1079 ideo,
647 1000 730 1087 quod
754 1005 974 1086 argumentum
996 996 1146 1086 epistolae
1174 1022 1213 1064 ex
1236 1021 1298 1089 qua

88 1111 212 1199 sumpta
242 1119 331 1190 sunt,
370 1107 470 1173 simile
499 1099 732 1197 quodammodo
763 1116 812 1175 est
839 1109 882 1174 rei
909 1107 938 1172 in
963 1105 1119 1172 Toxaride
1146 1115 1298 1187 narratae,

86 1223 180 1308 atque
208 1241 246 1284 ne
274 1217 336 1283 hoc
364 1215 490 1306 quidem
516 1227 593 1308 puto
622 1242 697 1286 casu
726 1216 845 1284 factum
874 1240 961 1299 esse,
992 1215 1076 1305 quod
1106 1216 1189 1306 apud
1214 1216 1297 1283 Atei·

85 1324 240 1416 pbronem
262 1329 382 1419 prodigi
406 1327 456 1393 titii
478 1338 568 1418 pater
591 1318 721 1418 Lysiae,
743 1331 774 1395 in
796 1327 956 1394 Toxaride
979 1325 1124 1416 Lysionis
1149 1326 1212 1408 (vel
1235 1325 1297 1415 Ly·

87 1437 186 1522 sonis)
208 1459 323 1504 nomen
345 1436 469 1503 habeat.
506 1437 697 1504 Prudentius
713 1447 819 1504 autem
834 1439 1042 1505 narrationem
1059 1435 1097 1501 ab
1112 1434 1300 1527 Alciphrone

86 1567 182 1636 quam
204 1548 235 1613 iu
258 1547 417 1614 Toxaride
440 1549 623 1614 instructam
646 1571 732 1627 esse,
760 1549 822 1614 iam
851 1571 946 1637 supra
974 1545 1223 1612 demonstratum
1250 1555 1296 1611 est

85 1678 115 1745 p.
134 1658 173 1722 13
188 1680 254 1746 seq.

170 1764 314 1856 Denique
345 1768 424 1836 haec
452 1791 580 1859 quoque
608 1769 775 1859 praecipue
804 1777 930 1859 propter
958 1761 1182 1850 καταβάλλειν
1210 1765 1297 1833 verbi

85 1874 341 1965 significationem
363 1880 496 1948 conferri
518 1888 666 1970 possunt:

119 1989 237 2055 Aloiphr.
251 1993 271 2055 Ι,
284 1990 328 2056 23,
346 1993 409 2054 §.32
443 1994 490 2043 καὶ
517 1987 681 2057 καταβαλών
708 1988 824 2057 ὀβολοὺς
852 1985 901 2042 δύο
922 1993 969 2041 καὶ
987 1987 1035 2042 τὸν
1053 1994 1176 2055 βαλανέα
1195 1988 1300 2050 τούτοις

155 2083 236 2136 ἵλεων
255 2081 428 2152 καταστήσας
442 2125 448 2139 .
461 2125 467 2139 .
481 2124 488 2137 .

121 2179 187 2230 Tox.
204 2178 237 2232 31
252 2178 329 2244 (234,
347 2180 474 2245 18-20)
491 2184 576 2251 μέρος
594 2182 642 2234 τοῦ
661 2181 768 2252 μισθοῦ
792 2179 828 2246 τῷ
847 2176 1042 2250 δεσμοαάλαιιι
1064 2176 1243 2247 καταβάλλων
1261 2198 1300 2231 τι-

155 2270 247 2326 θασὸν
265 2273 353 2340 ἑαυτῷ
372 2276 419 2326 καὶ
438 2272 577 2342 εἰρηνικὸν
597 2272 785 2346 ἀπειργάζετο,

84 2362 114 2429 in
138 2363 251 2454 quibus
275 2365 352 2432 iocis
376 2363 601 2453 καταβάλλειν
626 2366 793 2434 insolenter
816 2371 897 2433 dure
920 2364 1104 2433 vertendum
1133 2375 1196 2447 est,
1226 2388 1298 2432 curn

86 2473 234 2541 debitum·
256 2480 407 2559 reddere,
430 2481 570 2559 soluere,
590 2481 736 2563 pendere
758 2475 931 2566 significare
954 2474 1066 2542 soleat:

161 2589 273 2642 Luaron.
294 2591 363 2642 deor.
383 2607 454 2644 oono.
468 2591 485 2645 3
498 2594 529 2657 (1,
540 2590 600 2656 125,
611 2591 647 2656 5),
667 2594 774 2643 lcarom.
789 2590 805 2643 5
818 2589 888 2655 (151,
899 2588 1029 2654 31-32),
1048 2592 1096 2640 vit.
1117 2595 1186 2641 auct.
1201 2589 1215 2641 1
1228 2589 1299 2656 (252,

156 2682 211 2748 26),
232 2683 265 2737 18
280 2684 452 2752 (260,1-2),
472 2685 506 2740 25
517 2687 588 2753 (263,
599 2685 654 2751 24),
673 2687 768 2752 oatapt.
783 2684 816 2737 18
827 2683 898 2750 (333,
908 2682 962 2748 27),
982 2684 1043 2734 diat.
1054 2690 1129 2735 mort.
1143 2686 1188 2749 lV,
1203 2684 1299 2751 1(356,

154 2777 211 2842 31),
233 2780 339 2832 Satura.
354 2781 387 2835 15
396 2781 468 2848 (430,
477 2781 515 2848 4),
535 2783 596 2834 dial.
615 2788 717 2834 meretr.
731 2781 803 2843 xlv,
815 2779 832 2832 3
842 2777 913 2843 (462,
924 2778 960 2842 3).

340 2949 425 3016 Quae,
445 2953 552 3004 omnino
571 2969 688 3020 perrara,
707 2954 734 3003 in
754 2949 885 3002 Toxande
904 2949 1036 3016 leguntur.

169 3066 306 3134 Omnino
328 3078 435 3136 autem
456 3093 584 3160 perrara
605 3078 677 3135 sunt
701 3069 831 3156 quaein
853 3066 1013 3133 Toxaride
1032 3066 1178 3157 leguntur
1200 3069 1295 3136 haee:

84 3178 212 3283 aaran,
231 3206 352 3289 acopo,
368 3203 504 3270 noxas
517 3205 603 3286 (τοι,
620 3204 680 3290 ra),
696 3202 739 3268 53
750 3202 836 3286 (243,
851 3206 919 3286 ιι);
944 3203 1107 3287 raanan
1121 3203 1295 3294 perrectum

148 3320 269 3378 tautum
293 3312 376 3403 apud
400 3313 574 3381 Homerum
596 3313 748 3378 videtur
771 3311 945 3400 significare
967 3318 1131 3400 occipere:

97 3482 100 3487 ,
149 3424 358 3492 11.xxr1,340:
378 3425 447 3480 ἀλλὰ
467 3425 501 3480 σὺ
519 3425 574 3496 μὲν
588 3422 696 3494 χαλκόν
715 3442 741 3478 τε
761 3421 820 3484 ἅλις
834 3423 942 3497 χρυσόν
959 3443 989 3478 τε
1008 3425 1118 3490 δέδεξο,
1144 3424 1234 3495 δῶρα,
1260 3420 1293 3476 τά

151 3535 195 3570 τοι
213 3515 336 3573 δώσουσι
353 3519 443 3594 πατὴρ
461 3523 508 3574 καὶ
526 3517 626 3575 πότνια
644 3517 742 3592 μήτηρ,

145 3632 220 3677 uam
247 3615 342 3681 etiam
370 3615 432 3681 hoe
458 3617 490 3681 in
517 3613 588 3681 loco
612 3611 700 3679 multi
729 3613 872 3680 homines
900 3613 982 3681 docti
1004 3615 1070 3680 vim
1092 3612 1294 3702 exspectandi

90 3749 102 3786 .-
146 3721 244 3788 verbo
266 3725 423 3792 subiciunt
434 3727 464 3808 ¹).

77 3826 238 3920 Ἱππότης
265 3854 328 3900 vox
351 3832 434 3901 Tox.
451 3836 493 3900 47
512 3835 605 3917 (240,
621 3832 681 3920 31)
712 3834 889 3924 significans
919 3861 1003 3925 rqrro
1033 3838 1200 3904 αιλοιιιοατ
1224 3857 1293 3926 per-

146 3963 216 4008 raro
250 3945 335 4034 apud
359 3966 473 4033 prosae
504 3945 651 4012 orationis
683 3949 851 4036 scriptores
879 3947 1047 4028 invenitur;
1081 3968 1140 4036 ego
1172 3956 1293 4014 tantum

146 4051 232 4143 apud
248 4050 445 4120 Herodotum
459 4055 503 4136 (9,
515 4055 569 4140 69)
592 4051 664 4144 tegi,
687 4052 739 4120 ubi
755 4056 892 4144 equitem
915 4055 1076 4147 significat,
1099 4066 1193 4148 atque
1207 4054 1292 4148 apud

147 4161 299 4230 Aristaen.
319 4163 346 4242 1,
368 4163 471 4248 18(34
481 4187 511 4229 v.
525 4164 591 4248 uit.)

155 4405 174 4472 ²)
193 4407 234 4460 01.
252 4409 352 4460 suum.
372 4405 501 4458 amtohrt.
520 4407 684 4472 griechisohe
703 4409 882 4476 Grammatilm
902 4414 933 4463 lt.
944 4411 1021 4474 edin,
1042 4411 1074 4461 11.
1089 4414 1173 4475 port,
1191 4424 1216 4474 p.
1230 4406 1290 4476 148,

82 4508 144 4545 nnn.
157 4490 187 4559 23
207 4493 285 4549 Thes.
305 4494 396 4563 steph.
415 4492 456 4548 ed.
474 4494 558 4546 Paris.
577 4495 605 4545 in
623 4511 648 4546 r.
669 4493 795 4566 δέχομαι.
