2856 4906
734 229 774 291 12

146 404 224 485 quot
246 403 277 460 et
299 393 423 460 fabulae
447 404 479 460 et
501 396 640 484 picturae
655 395 799 473 indicant,
823 416 933 459 omnes
956 419 973 460 a
999 405 1028 460 te
1044 395 1157 461 Graeci
1181 405 1228 464 tot
1249 406 1366 486 gentes

145 515 254 593 totque
270 503 364 569 urbes
381 527 478 570 causa
500 529 518 569 a
543 528 593 570 me
608 503 731 570 deserta
746 505 929 568 vincantur“
952 505 996 590 (in
1021 507 1188 571 certamine
1203 505 1367 586 videlicet,

146 614 228 702 quod
253 613 388 677 Toxaris
412 623 441 678 et
458 613 638 703 lllnesippus
661 613 828 677 instituturi
850 617 943 695 sunt).
981 611 1130 678 Profecto
1154 637 1216 679 non
1240 613 1270 679 hi
1287 625 1367 680 sunt

145 721 241 800 sales,
271 706 384 808 quibus
408 732 438 786 et
460 723 542 811 apud
567 721 715 811 aequales
743 731 774 786 et
797 712 879 809 apud
904 730 1046 808 posteros
1075 734 1193 789 tantam
1225 726 1365 790 nominis

144 832 261 896 lamam
285 829 442 894 Lucianus
468 831 599 920 adeptus
623 842 678 897 est.

230 938 274 1005 Ut
296 961 370 1004 vero
392 940 453 1003 iarn
477 940 514 1005 de
537 938 665 1030 singulis
694 941 868 1005 amicorum
897 942 1022 1027 paribus
1052 940 1154 1006 dicere
1186 943 1366 1031 aggrediar,

144 1049 290 1115 omnibus
312 1049 549 1113 narratiunculis
568 1071 736 1114 commune
760 1050 820 1112 lroc
842 1051 921 1114 inest
944 1052 1062 1129 vitium,
1086 1051 1168 1138 quod
1186 1053 1365 1116 amicorum

145 1159 224 1224 alter
255 1159 358 1222 omnia
388 1159 418 1221 in
448 1180 519 1221 eum
549 1156 664 1222 collata
693 1157 840 1222 beneficia
873 1160 954 1222 iners
982 1160 1111 1247 accipit,
1144 1158 1264 1224 nullum
1294 1162 1365 1248 ipse

145 1266 230 1332 alteri
255 1265 390 1330 olliciunr
415 1275 560 1355 praestat,
584 1291 685 1356 neque
702 1268 871 1354 quicquam
895 1269 968 1356 agit,
991 1290 1054 1356 quo
1078 1292 1112 1333 se
1129 1267 1258 1356 (lignum
1281 1270 1364 1333 ami-

144 1376 215 1441 citia
239 1374 394 1463 praebeat.
439 1373 485 1439 lta
509 1375 619 1464 [0.th
641 1378 727 1462 (226,
749 1376 906 1464 ¹2—20)]
933 1378 1141 1464 Agathocles,
1165 1400 1363 1466 quamquain

145 1508 165 1548 a
188 1483 280 1548 Dinia
301 1484 385 1548 initio
409 1506 470 1549 non
496 1485 590 1574 pluris
620 1508 714 1572 quarn
739 1484 917 1550 adulatores
941 1490 1007 1551 eius
1030 1488 1146 1567 lactus,
1175 1488 1361 1550 tumetium

145 1594 189 1660 eis
211 1591 407 1681 posthabitus
431 1605 460 1658 et
484 1593 648 1682 neglectus
672 1604 764 1671 esset,
786 1605 890 1660 tamen
904 1595 1014 1660 dicitur
1028 1597 1247 1684 patrimonium
1262 1617 1361 1660 suum

144 1704 172 1768 ei
195 1701 356 1783 obtulisse,
379 1711 414 1767 ut
436 1705 461 1767 is
485 1741 526 1751 -
549 1700 726 1768 adulterare
747 1715 863 1793 posset.
897 1703 1018 1770 Deinde
1035 1704 1126 1769 Dinia
1149 1704 1361 1769 condemnato

144 1801 239 1899 atque
261 1812 290 1875 in
313 1810 447 1876 insulam
470 1812 633 1900 deportato
655 1814 721 1900 ipse
743 1812 885 1878 exsilium
908 1817 1112 1878 communiter
1135 1837 1206 1879 cunr
1229 1835 1266 1877 eo
1290 1815 1363 1890 lert,

144 1929 239 2009 atque
262 1943 389 2008 operam
413 1943 502 1985 suam
523 1921 729 1985 urinatoribus
753 1922 989 2011 (πορφυρεῦσι)
1019 1922 1154 1988 collocat
1179 1945 1363 2010 gravesque

144 2030 274 2118 suscipit
289 2028 421 2108 labores,
444 2054 516 2094 cunr
539 2032 565 2093 is
588 2031 677 2096 cuius
693 2052 789 2094 causa
812 2033 916 2095 onmia
932 2034 1053 2118 perfert,
1077 2033 1181 2096 desers
1199 2039 1229 2095 et
1251 2034 1363 2120 segnis

144 2162 179 2205 se
202 2139 240 2206 ab
265 2142 366 2205 amico
390 2140 429 2204 ali
452 2141 575 2228 patitur.
620 2139 702 2223 Quin
730 2141 821 2219 etiarn
848 2139 937 2205 Dinia
964 2149 1088 2204 mortuo
1113 2139 1305 2227 Agathocles
1329 2144 1360 2207 in

142 2248 244 2315 insula
273 2249 395 2313 deserta
425 2252 569 2313 miseram
598 2250 694 2313 vitam
724 2249 821 2338 degit,
855 2251 927 2336 quia
954 2273 992 2314 ne
1023 2249 1201 2337 sepulcrum
1230 2251 1359 2336 quidem

143 2360 234 2423 amici
255 2357 428 2444 relinquere
452 2360 591 2422 sustinet.

230 2466 402 2532 Huiuscine
424 2467 605 2530 narrationis
629 2478 848 2554 argumentum
872 2491 982 2533 verum
1005 2468 1060 2548 sit,
1083 2491 1141 2534 nec
1164 2492 1218 2547 ne,
1247 2467 1358 2533 diiudi-

144 2578 207 2644 cari
230 2577 411 2642 testimoniis
428 2585 569 2639 veterum
584 2598 647 2640 non
669 2586 790 2664 potest3
812 2600 885 2641 nam
902 2600 1004 2665 neque
1021 2578 1168 2641 traditum
1185 2578 1356 2664 quicquam

143 2696 192 2751 est
214 2686 252 2750 de
274 2684 369 2748 Dinia'
389 2692 420 2747 et
437 2683 620 2770 Agathocle,
644 2709 745 2773 neque
767 2688 942 2774 putaverim
967 2687 1004 2750 de
1027 2687 1153 2775 privatis
1177 2684 1357 2751 hominibus

143 2794 230 2859 nulla'
253 2818 285 2858 re
308 2792 533 2858 excellentibus
557 2797 724 2883 quicquam
741 2795 886 2860 traditum
909 2819 979 2860 esse
1001 2817 1103 2884 posse.
1141 2793 1232 2859 Hanc
1247 2805 1357 2859 autern

143 2904 184 2968 ob
208 2924 337 2968 causam
361 2903 453 2967 etiam
477 2927 495 2965 e
517 2906 669 2968 contrario
693 2927 734 2968 ex
756 2925 804 2984 ec,
827 2905 910 2992 quod
932 2905 1018 2970 nulla
1041 2914 1165 2970 exstant
1179 2905 1356 2969 testimonia

143 3022 296 3091 veterum,
321 3011 465 3077 concludi
488 3035 550 3078 non
571 3022 690 3101 potest,
718 3013 772 3078 vel
795 3036 850 3079 eos
878 3037 1051 3102 numquam
1073 3016 1183 3095 fuisse,
1215 3012 1267 3078 vel
1290 3035 1353 3079 non

143 3145 215 3187 esse
229 3144 303 3185 vera
327 3144 373 3199 ea,
397 3143 479 3208 quae
502 3124 540 3186 de
563 3124 606 3186 eis
629 3132 799 3188 narrentur.
833 3123 946 3213 Neque
969 3147 1009 3188 ex
1031 3124 1090 3190 lrac
1114 3148 1146 3189 re
1169 3124 1245 3204 sola,
1268 3125 1353 3210 quod

143 3229 321 3319 singularia,
343 3231 429 3310 mira,
452 3230 587 3295 absurda
602 3241 675 3296 sunt
697 3256 743 3312 ea,
767 3257 848 3321 quae
871 3235 909 3298 de
932 3236 977 3299 eis
998 3236 1179 3313 referuntur,
1207 3232 1355 3322 colligere

141 3337 224 3418 licet,
247 3338 318 3405 ficta
342 3365 378 3406 ea
401 3365 481 3418 esse,
504 3364 576 3405 narn
598 3363 834 3430 nonnumquam
856 3343 950 3430 inepti
967 3343 1106 3406 lromines
1130 3344 1230 3431 magis
1252 3364 1356 3429 paene

144 3449 220 3512 mira
243 3458 336 3536 atque
352 3450 446 3515 stulta
462 3451 587 3530 faciunt,
610 3473 705 3538 quarn
722 3475 802 3540 quae
824 3453 994 3539 excogitari
1015 3461 1157 3540 possunt.
1191 3449 1255 3514 Sed
1271 3473 1356 3536 quo·

142 3558 224 3623 niam
247 3557 394 3647 plurimu,
418 3584 498 3648 qnae
522 3561 690 3626 exornandi
714 3584 811 3625 causa
834 3570 878 3639 et,
908 3569 942 3624 ut
963 3561 1101 3647 gravitas
1124 3559 1165 3622 rei
1188 3567 1355 3642 augeatur,

141 3666 323 3755 produntur,
347 3671 564 3735 commenticia
587 3693 656 3734 esse
680 3678 774 3758 patet,
797 3678 827 3733 et
849 3669 933 3756 quod
956 3667 1121 3732 nonnullas
1144 3664 1257 3750 dialogi
1280 3685 1355 3730 nar·

141 3777 276 3842 rationes
300 3786 380 3842 totas
396 3802 457 3845 non
474 3803 544 3845 esse
566 3802 657 3843 veras
680 3777 731 3842 vel
755 3800 809 3864 per
831 3799 865 3841 se
881 3785 1018 3865 apparet,
1040 3773 1090 3838 vel
1108 3771 1197 3839 lacile
1220 3776 1353 3842 demon-

141 3889 229 3951 strari
252 3897 356 3976 potest
379 3895 426 3967 (ut
441 3888 576 3953 secunda
602 3896 632 3950 et
653 3886 752 3974 prima
765 3884 929 3949 Toxaridis
951 3882 1182 3950 narratiuncula
1198 3892 1227 3947 et
1242 3884 1354 3970 quinta

140 3992 291 4087 Mnesippi
321 3996 406 4062 nullo
435 4005 529 4085 pacto
557 4017 651 4057 verae
684 4016 754 4058 esse
784 4001 948 4081 possunt),
981 3991 1065 4058 nulla
1096 4002 1142 4058 est
1170 4015 1265 4059 causa
1294 4019 1354 4062 cur

138 4105 368 4186 existimemus,
396 4113 580 4192 argumenta
607 4101 826 4167 nonnullarum
848 4105 1058 4169 narrationum
1086 4126 1147 4168 non
1176 4126 1245 4168 esse
1267 4102 1353 4189 ficta,

89 4277 92 4283 .
139 4214 221 4300 quod
238 4215 389 4280 eiusmodi
407 4221 488 4290 sunt,
511 4221 544 4274 ut
559 4210 762 4276 demonstrari
779 4235 839 4277 non
855 4214 962 4302 possit,
984 4235 1019 4277 ea
1035 4213 1252 4279 commenticia
1269 4236 1353 4281 esse.

223 4323 294 4389 Hoc
327 4346 402 4388 vero
435 4321 506 4386 loco
541 4318 601 4384 lroc
629 4320 823 4408 potissimum
857 4321 1097 4387 examinandum
1128 4332 1190 4401 est,
1225 4322 1354 4391 credine

137 4433 247 4518 possit,
267 4435 368 4498 virum
391 4431 504 4521 ingenii
528 4429 610 4495 acuti
633 4427 846 4518 elegantisque
867 4431 978 4509 iudicii,
1009 4453 1081 4494 curn
1106 4430 1184 4495 duos
1205 4430 1351 4500 homines
