2856 4906
190 1555 359 1656 Toxarim
383 1590 551 1680 dialogum,
575 1592 627 1680 qui
650 1592 729 1657 inter
752 1591 927 1658 Lucinneos
949 1589 1012 1678 legi
1035 1589 1129 1669 solet,
1152 1589 1314 1655 Belrlrerus
1350 1623 1351 1626 ¹

103 1702 135 1765 iu
158 1699 336 1766 subditicios
360 1699 472 1779 retulit,
495 1710 525 1765 et
547 1723 704 1766 consensu
725 1700 985 1791 philosophorum
1009 1699 1121 1765 ordinis
1144 1699 1315 1788 proposuit,

104 1817 139 1873 ut
165 1810 418 1897 investigaretur,
453 1810 586 1899 primurn
615 1819 670 1874 aut
693 1809 749 1875 abs
777 1833 839 1900 quo
863 1822 918 1877 aut
940 1821 1023 1876 certe
1049 1819 1154 1874 tamen
1189 1807 1314 1896 quando

104 1919 239 2006 scriptus
268 1929 366 1998 esset,
389 1918 500 1984 deinde
524 1941 604 2006 quae
630 1917 668 1982 de
691 1919 818 2007 Scythis
846 1923 1028 2010 praesertim
1052 1917 1242 2007 Bosporanis
1269 1919 1315 1981 in·
1387 1926 1390 1933 '

103 2025 209 2092 audita
234 2038 266 2092 et
293 2027 461 2116 singularia
488 2030 518 2092 in
542 2049 579 2092 eo
608 2028 718 2092 tradita
742 2039 860 2109 essent,
889 2030 1145 2094 auctoritaterune
1172 2036 1202 2091 et
1224 2026 1315 2091 fidem

104 2136 265 2201 haberent.
309 2135 343 2200 ln
367 2159 447 2224 quae
472 2147 505 2198 ut
531 2135 717 2222 inquirerem
741 2158 813 2201 cum
838 2138 996 2226 dialogum
1019 2134 1239 2226 perlegissem,
1266 2144 1316 2200 at·

103 2267 166 2334 que
190 2244 288 2312 multa
311 2254 525 2326 perscrutatus
548 2266 650 2332 neque
673 2242 771 2309 ullum
795 2246 879 2336 apud
902 2247 1067 2334 scriptores
1091 2245 1315 2310 documentum

89 2355 308 2434 invenissem,
340 2377 380 2418 ex
402 2375 465 2441 quo
490 2355 559 2442 quis
582 2352 731 2418 Toxarim
755 2356 929 2444 scripsisset
951 2375 1190 2442 cognoscerem,
1213 2374 1316 2440 neque

103 2465 225 2545 exeis,
249 2465 382 2552 quaein
411 2462 535 2550 dialogo
559 2472 735 2542 narrantur,
757 2462 946 2549 investigare
974 2464 1160 2551 potuissem,
1190 2461 1324 2549 quando.

104 2572 156 2637 ille
172 2574 292 2652 fuisset,
316 2573 455 2638 oratione
471 2569 676 2637 examinanda
694 2580 829 2635 aetatem
845 2573 1002 2660 scriptoris
1017 2571 1165 2660 indagare
1183 2579 1315 2635 conatus

105 2703 187 2744 sum.
218 2681 312 2764 Quod
328 2705 391 2769 quo
408 2681 559 2747 difficilius
576 2689 632 2760 est,
649 2702 686 2745 eo
702 2682 803 2768 magis
824 2703 944 2762 vereor,
960 2704 999 2745 ne
1013 2682 1043 2745 in
1060 2704 1095 2744 ea
1113 2704 1146 2745 rc
1162 2701 1317 2745 nonnum·

104 2812 200 2878 quarn
225 2792 404 2870 erraverim,
429 2800 459 2855 et
481 2790 560 2854 haec
583 2787 745 2854 diffidentia
772 2799 913 2877 augetur,
937 2789 1019 2876 quod
1044 2787 1142 2854 multo
1162 2789 1316 2854 doctiores

105 2909 199 2988 atque
218 2900 397 2988 sagaciores
412 2901 495 2963 viros
518 2900 547 2964 in
571 2899 661 2963 simili
677 2899 858 2987 quaestione
874 2896 970 2962 falsos
986 2921 1056 2962 esse
1079 2898 1149 2979 vidi,
1172 2907 1203 2963 et
1224 2897 1317 2985 quod,

104 3030 178 3082 curu
202 3031 264 3074 non
286 3009 391 3073 omnia
411 3009 478 3096 ipse
494 3012 680 3097 perscrutari
700 3029 837 3095 possem,
860 3028 954 3093 saepe
971 3009 1186 3072 auctoritatem
1207 3029 1317 3073 eorum

105 3120 194 3207 sequi
209 3117 356 3204 cogebar,
380 3118 431 3205 qui
454 3114 611 3180 vocabula
629 3117 752 3181 Graeca
775 3116 804 3178 in
821 3113 985 3178 thesauros
1001 3112 1207 3179 contulerunt.
1251 3114 1316 3181 Sed

106 3228 200 3292 etiarn
223 3229 248 3288 si
273 3223 361 3288 multi
382 3225 412 3288 in
438 3246 541 3312 opere,
565 3225 648 3313 quod
670 3225 807 3301 instituo,
831 3244 950 3287 errores
972 3223 1074 3301 insint,
1097 3246 1188 3312 spero
1212 3235 1316 3290 tamen

105 3336 180 3415 lore,
204 3344 237 3398 ut
257 3356 296 3396 ex
316 3333 368 3412 eis,
392 3356 473 3420 quae
497 3344 580 3399 recte
596 3335 736 3423 exposita
756 3334 823 3410 sint,
847 3340 962 3420 pateat,
986 3331 1135 3397 Toxarim
1158 3332 1317 3422 dialogum

105 3468 124 3509 a
148 3443 288 3508 Luciano
316 3463 378 3506 non
402 3464 472 3506 esse
495 3445 658 3530 scriptum:
693 3442 840 3531 quodque
868 3441 1006 3505 secundo
1029 3440 1100 3507 loco
1122 3444 1316 3532 propositum

106 3564 163 3632 est,
185 3563 220 3618 ut
243 3551 281 3618 de
297 3554 482 3617 auctoritate
505 3562 537 3616 et
550 3550 610 3618 lide
624 3554 862 3638 investigaretur
878 3571 996 3629 eorum,
1018 3552 1143 3636 quaein
1159 3551 1316 3618 Toxaride

105 3665 215 3727 tradita
239 3670 354 3741 essent,
376 3659 448 3725 ficta
472 3684 507 3725 ea
532 3671 563 3726 et
584 3661 800 3726 commenticia
825 3680 895 3722 esse
919 3659 1072 3723 obtinebo.

192 3767 265 3833 Non
288 3769 423 3836 alienum
448 3778 554 3834 autem
583 3773 620 3835 ab
644 3771 784 3834 instituto
807 3790 877 3832 meo
902 3777 963 3847 est,
992 3769 1127 3856 primurn
1151 3769 1189 3833 de
1211 3769 1316 3860 dispo-

105 3880 219 3944 sitione
242 3884 334 3962 atque
357 3889 544 3968 argumento
569 3878 683 3965 dialogi
707 3877 817 3942 dicere.
862 3875 1053 3942 lnducuntur
1074 3879 1166 3964 igitur
1184 3877 1317 3946 Toxaris

107 3986 245 4076 Scythes
269 3993 300 4049 et
322 3983 501 4077 lllnesippus
526 3986 669 4053 Graecus
698 3988 858 4074 inceptum
886 4006 1062 4050 sermonem
1086 3999 1317 4075 persequentes,

106 4108 141 4163 ut
163 4104 294 4186 apparet
316 4116 421 4172 exeo,
444 4097 528 4183 quod
545 4096 726 4185 lllnesippus
747 4093 917 4158 admiratus
941 4096 1073 4184 quaerit:
1107 4097 1202 4184 „quid
1220 4095 1317 4162 dicis?

105 4230 198 4275 sacra
228 4207 327 4271 facitis
351 4202 456 4268 Oresti
479 4216 510 4269 et
532 4205 644 4293 Pyladi
668 4211 761 4283 ...“,
791 4212 954 4291 tamquam
982 4205 1007 4268 si
1034 4206 1149 4270 mentio
1180 4208 1247 4272 eius
1274 4206 1317 4270 rei

104 4320 169 4384 iam
198 4315 399 4382 aToxaride
426 4314 509 4378 lacta
534 4315 589 4394 sit;
623 4337 684 4402 qua
712 4315 741 4377 in
769 4311 846 4377 urbe
874 4311 1109 4401 colloquantur,
1136 4336 1197 4380 non
1225 4315 1319 4403 signi-

105 4427 227 4494 ficatur.
265 4425 442 4512 Postquam
458 4431 564 4488 autem
581 4421 713 4487 Toxaris
729 4423 883 4511 exposuit,
899 4430 1000 4487 curet
1015 4423 1173 4509 quomodo
1191 4420 1320 4491 Orestes

153 4547 320 4597 Gurrenrng,
346 4542 508 4585 commentario.
1076 4535 1103 4590 x
