2856 4906
638 178 650 199 ⁸
705 199 749 266 ro

217 395 310 462 porro
335 373 372 438 de
395 394 490 438 merc.
514 370 605 438 cond.
632 367 960 452 1(11,124,16-17)
984 363 1115 453 συνόμα
1137 365 1262 434 πολλοὶ
1283 364 1345 447 τὰς

127 480 304 575 τρικυμίας
326 485 383 550 καὶ
406 479 508 565 ζάλας
526 532 533 548 .
549 532 557 548 .
572 530 601 547 ..
625 479 682 546 καὶ
704 476 797 546 ἱστοῦ
819 475 955 557 κλάσεις
978 474 1159 559 διεξιόντες
1182 477 1303 566 legitur,

213 592 320 684 paullo
344 592 432 658 aliter
454 603 484 658 et
507 590 636 657 ridicule
659 588 824 654 Toxaridis
847 591 979 678 scn'ptor
1002 591 1040 654 19
1055 590 1141 674 (229,
1156 589 1209 670 22)
1232 613 1346 676 τρικυ-

131 704 212 791 μίας
233 703 327 783 τινός
349 704 406 771 καὶ
428 700 630 790 συροβύλους
652 701 708 769 καὶ
727 696 876 783 χαλάζας
898 708 1029 765 enarrat.

219 815 364 901 Denique
379 836 441 879 non
458 813 594 879 alienum
617 812 739 878 videtur
761 809 907 877 hocloco
925 810 1040 875 addere
1055 809 1256 891 locutionem,
1282 831 1348 900 qna

129 927 169 992 ad
193 922 326 991 similem
350 923 536 989 sententiam
560 921 794 1012 exprimendam
817 931 890 1009 apte
914 919 1089 1002 Lucienus,
1111 921 1216 1010 inepte
1238 920 1349 988 Toxa-

136 1034 209 1101 ridis
238 1034 369 1122 scriptor
400 1035 495 1099 utitur
515 1039 601 1118 (nam
622 1054 696 1097 eum
716 1029 777 1097 hac
799 1032 828 1097 in
852 1052 885 1095 re
907 1031 1060 1096 imitatum
1083 1053 1154 1097 esse
1174 1035 1348 1099 orationem

134 1143 263 1210 Luciani
287 1143 345 1208 dici
374 1166 437 1209 non
459 1149 593 1232 potest);
630 1140 788 1207 Lucianus
815 1141 910 1229 igitur
932 1140 1063 1208 learom.
1086 1142 1128 1206 23
1150 1139 1186 1221 (1,
1205 1142 1275 1222 155,
1292 1143 1347 1224 27)

131 1255 203 1321 dicit
226 1255 347 1341 μικροῦ
367 1252 427 1336 μὲν
451 1251 614 1332 ἐξέθανον
635 1246 706 1320 ὖπδ
727 1254 788 1318 τοῦ
810 1249 907 1332 δέους
930 1257 1046 1341 (paene
1061 1253 1257 1317 exanimatus
1273 1274 1347 1320 snm

130 1369 247 1446 metu),
279 1373 309 1428 et
331 1384 386 1452 pro
410 1361 488 1453 laps.
512 1365 542 1428 in
565 1361 656 1428 salut.
678 1360 699 1424 8
721 1360 769 1443 (11,
795 1361 863 1442 150,
883 1362 1033 1446 34-35)
1061 1362 1117 1430 καὶ
1137 1365 1198 1429 τοῦ
1215 1357 1349 1452 Ἡφαι-

133 1472 272 1553 στίωνος
296 1468 411 1559 ὀλίγου
434 1475 504 1541 δεῖν
524 1468 582 1540 ὑπ’
598 1467 715 1552 αἰδοῦς
738 1467 941 1552 ἐκθανόντος
965 1469 1211 1562 (Hephaestione
1226 1473 1348 1564 pudore

46 1599 49 1604 ·
130 1607 229 1672 paene
253 1583 460 1669 exanimato);
491 1581 609 1649 Anach.
639 1592 746 1648 autem
768 1583 810 1647 25
833 1581 879 1663 (1,
898 1583 972 1663 297,
999 1585 1054 1664 18)
1083 1579 1117 1650 σι’
1139 1575 1181 1650 όν
1201 1609 1253 1664 τις
1270 1633 1278 1652 .
1293 1635 1301 1652 .
1316 1635 1349 1654 ..

128 1690 294 1785 χρήσαιτο
317 1734 360 1743 -
389 1691 718 1784 προαποθνήσκουσι
740 1693 819 1783 πρὶν
842 1692 935 1771 όντδς
955 1691 1074 1776 βέλους
1095 1695 1259 1778 γενέσθαι
1281 1697 1350 1784 (qui

131 1807 313 1895 priusquam
343 1804 372 1866 in
400 1802 452 1868 teli
474 1805 591 1870 iactum
613 1815 780 1886 venerunt,
814 1805 998 1885 nron'untur)
1028 1828 1045 1868 a
1074 1803 1240 1871 cavillante
1262 1805 1351 1872 Ana-

132 1912 274 1980 charside
296 1935 346 1978 res
371 1921 443 2002 apte
466 1915 650 2002 augetur¹);
672 1916 702 1979 in
719 1913 877 1980 Toxaride
899 1936 974 1979 vero
991 1915 1033 1978 60
1049 1915 1135 1996 (246,
1149 1916 1184 1997 2)
1207 1912 1349 2002 Scythes

131 2025 226 2091 haec:
261 2019 325 2112 ἐγώ
350 2023 388 2091 δὲ
411 2021 673 2114 προετεθνήκειν
695 2017 759 2113 ἤδη
781 2028 828 2117 τῷ
850 2024 923 2092 δέει
950 2031 1024 2113 (ego
1053 2047 1128 2090 vero
1151 2025 1263 2090 timore
1284 2026 1350 2092 iam

133 2143 225 2199 antea
248 2143 393 2199 mortuus
417 2156 519 2216 eram,
548 2135 598 2200 ich
621 2133 696 2200 aber
719 2156 787 2199 war
808 2155 867 2199 vor
889 2132 1008 2200 Furcht
1031 2133 1130 2202 sehon
1153 2133 1268 2202 vorher
1291 2158 1350 2226 ge-

132 2242 273 2330 storben)
295 2245 337 2309 ita
361 2245 526 2332 magnifice
549 2245 631 2325 dicit,
654 2254 688 2311 ut
709 2242 838 2310 ridicula
862 2244 930 2309 sint.

242 2433 355 2484 Omnino
376 2435 519 2487 Toxaridis
538 2436 649 2500 scriptor
667 2433 810 2484 orationem
829 2434 941 2485 Luciani
961 2434 1092 2486 serviliter
1110 2436 1237 2488 imitatur.

219 2548 396 2640 Postquam
429 2561 535 2618 autem
570 2549 797 2632 demonstravi,
832 2551 991 2639 quomodo
1024 2550 1125 2642 lepide
1158 2574 1177 2618 a
1205 2551 1347 2619 Luciano

131 2658 213 2725 dicta
236 2658 403 2726 Toxaridis
424 2662 556 2750 scriptor
578 2662 681 2749 inepte
710 2659 899 2748 detorquens
926 2660 1046 2728 insulsa
1074 2660 1250 2752 protulerit,
1282 2665 1349 2731 iam

132 2771 256 2834 omnino
281 2770 355 2835 mihi
378 2769 606 2837 ostendendum
629 2778 690 2850 est,
720 2791 816 2856 quam
839 2770 991 2838 serviliter
1012 2769 1064 2838 ille
1087 2774 1258 2840 orationem
1281 2772 1347 2841 Lu·

131 2879 210 2943 ciani
231 2880 369 2944 imitatus
392 2881 439 2944 sit.

602 3043 681 3094 luitin
699 3043 873 3113 dialogorum.

218 3159 322 3248 Atque
343 3162 386 3226 ita
410 3181 483 3226 curn
506 3159 661 3225 interdum
685 3161 768 3250 apud
784 3159 959 3230 Lucianum
982 3167 1103 3234 initium
1125 3162 1239 3255 dialogi
1261 3165 1346 3231 eius-

130 3266 216 3332 modi
239 3270 292 3350 sir,
315 3279 350 3334 ut
372 3290 476 3335 sermo
500 3291 562 3335 non
586 3269 656 3335 oriri
679 3271 734 3335 sed
757 3274 929 3340 continuari
952 3274 1111 3342 videatur:

164 3381 264 3437 Anach.
285 3385 321 3449 (Ι,
341 3381 451 3446 287,1)
475 3383 562 3434 ταῦτα
588 3381 620 3434 δὲ
643 3378 710 3452 ὑμῖν
736 3376 759 3434 ω’
777 3379 878 3440 Σόλων
897 3390 971 3446 τίνος
989 3388 1070 3442 ἕνεκα
1095 3390 1122 3440 ολ
1140 3390 1197 3443 νέοι
1216 3387 1346 3450 ποιοῦσι,-

200 3478 263 3530 dial.
281 3479 350 3530 deor.
370 3479 459 3530 XXlll
478 3477 549 3543 (120,
567 3477 622 3541 28),
646 3481 736 3546 navig·
748 3472 828 3545 (338,
847 3480 890 3547 1),
915 3483 978 3536 dial.
997 3489 1099 3536 meretr.
1119 3484 1180 3535 Vlll
1199 3481 1270 3548 (449,
1291 3483 1350 3550 10),

200 3574 262 3624 Xlll
291 3572 352 3635 458,
372 3571 427 3635 25),

131 3660 233 3728 simile
256 3575 420 3731 Tloxaridis
444 3663 563 3729 initium
587 3672 648 3732 est:
677 3661 720 3731 Τι’
741 3664 809 3754 φῂς
831 3659 859 3733 ol
885 3664 1030 3760 Τόξαρις

165 3777 253 3829 Etiam
271 3780 330 3843 ipsa
347 3778 428 3830 rerba
446 3779 474 3828 τί
490 3772 560 3847 ‹pp‘fl
580 3793 657 3844 saepe
675 3779 746 3844 apud
763 3779 913 3833 tacianum
929 3783 1070 3850 leguntur,
1088 3787 1133 3833 ute
1152 3784 1200 3834 vit.
1220 3789 1290 3836 anot.
1310 3785 1348 3841 21

201 3872 233 3933 (Ι,
251 3870 313 3934 260,
333 3872 388 3936 35),
407 3888 526 3940 necyom.
546 3871 563 3923 2
583 3870 655 3935 (305,
675 3870 729 3936 15),
748 3876 817 3926 Tim.
837 3875 852 3928 7
873 3875 944 3940 (391,
962 3873 1018 3938 88),
1036 3876 1084 3927 Bis
1096 3891 1150 3930 aco.
1164 3876 1190 3944 9,
1204 3879 1250 3945 (ΙΙ,
1263 3878 1290 3946 5,
1307 3880 1349 3948 9).

132 4029 332 4045 Μ

202 4115 220 4178 ¹)
252 4117 320 4194 Non'
334 4121 422 4170 minue
446 4125 516 4170 recte
536 4135 564 4170 sc
582 4118 680 4170 hebent
698 4120 779 4184 haec,
802 4118 1038 4185 quietiorem.
1058 4123 1091 4186 11,
1111 4124 1126 4177 l
1147 4127 1178 4189 (1,
1196 4124 1240 4190 96,
1260 4125 1286 4192 1)
1306 4128 1347 4182 10.

127 4208 240 4268 guntur:
268 4203 318 4274 ἐμὲ
338 4205 370 4257 δὲ
392 4201 427 4270 ἢν
450 4203 532 4257 ἴδωσι
554 4205 686 4259 τεθνᾶσιν
710 4201 764 4257 ὑπό
785 4205 834 4256 τοῦ
857 4203 937 4264 δέους
961 4210 1011 4274 (mc
1034 4217 1121 4264 cutem
1144 4228 1205 4263 cum
1228 4215 1347 4280 primum

127 4300 336 4358 conspexerunt,
356 4299 473 4344 mortuae
491 4299 554 4342 sunt
571 4293 691 4354 timore);
716 4293 780 4342 dicit
798 4293 867 4343 enim
886 4294 996 4361 Iupiter,
1015 4299 1117 4364 puellas
1138 4316 1166 4350 re
1183 4316 1247 4352 vera
1265 4308 1346 4371 mori,

127 4385 153 4429 et
173 4380 306 4444 extemplo
325 4379 444 4443 quidem3
465 4393 622 4442 quamquam
642 4380 720 4429 etiam
740 4381 762 4429 ei
781 4379 868 4432 nullas
887 4398 947 4434 enm
966 4384 1130 4450 conspicatae
1148 4392 1265 4439 mortuae
1284 4404 1347 4446 cese

126 4481 142 4516 ε
161 4466 269 4518 Graecis
290 4465 416 4517 creditum
434 4469 514 4528 esset,
532 4461 734 4531 indignabundo
751 4483 805 4519 rem
824 4484 921 4538 augere
938 4469 1046 4522 licebat.
