2856 4906
687 190 731 256 80

103 368 202 453 podia
225 355 333 428 fictam
355 356 404 428 eal
415 360 447 444 ¹).
494 358 617 428 Deinde
643 362 737 427 etiam
766 359 858 441 illud,
888 359 973 449 quod
1000 360 1169 428 certamine
1196 357 1319 449 gladieb

101 473 185 538 lotio
208 469 373 538 Taxaridis
401 492 496 537 eausa
520 472 661 539 Sisinnes
692 493 835 562 pugnase
863 468 989 561 fingitur
1016 470 1116 559 magia
1142 470 1173 536 in
1197 467 1317 536 Rema-

100 604 181 650 num
204 580 447 648 declamatorem
470 605 567 672 quam
590 584 619 650 in
643 581 815 673 sophistam
838 579 997 649 Graecum
1024 582 1116 648 cadit.
1163 577 1318 646 Romania

104 695 187 760 enim
215 700 270 759 aul
299 703 384 760 carle
411 691 588 761 hominibus
616 715 726 760 eorum
754 696 893 761 moribus
921 705 953 760 et
980 691 1139 782 disciplina
1169 690 1318 758 inalilulia

34 796 38 803 ⁴
103 812 200 894 alque
222 801 348 870 imbutis
370 805 438 870 eius
459 806 582 892 generis
612 803 854 873 declamationes
882 807 1014 871 usitatas
1040 804 1137 870 fuisse
1160 800 1319 870 nonnullis

107 913 261 1004 exemplis
285 913 429 1001 probavit
443 912 466 979 F
469 913 701 981 riedlaenderus
709 917 743 1001 ²).
777 915 924 1007 Denique
944 917 974 982 in
998 915 1137 981 oratione
1158 911 1320 1004 quaedam

101 1025 222 1106 ineunt,
257 1047 339 1115 quae
371 1023 517 1091 Latinum
550 1048 728 1093 sermonem
760 1026 900 1094 redolere
934 1025 1007 1093 mihi
1040 1025 1199 1105 videnlur,
1234 1045 1318 1113 quae

105 1139 242 1202 maxima
277 1159 317 1204 ex
348 1145 436 1226 parte
468 1136 530 1202 iam
564 1160 658 1226 supra
693 1136 786 1204 allala
822 1147 909 1217 sunl,
943 1147 978 1203 ul
1005 1131 1187 1225 διάβροχος
1217 1129 1318 1225 ἔρωτι

50 1280 52 1284 ⁴
101 1248 261 1338 (perfusus
284 1253 413 1331 amore),
435 1243 605 1332 ἐδώδιμος
626 1247 733 1331 (homo
757 1250 809 1338 qui
832 1247 955 1315 comedi
975 1254 1103 1338 polest),
1125 1242 1315 1334 προΐκσθαι

103 1357 145 1426 τὰ
173 1355 266 1427 ὅπλα
293 1359 445 1448 (proicere
474 1366 589 1445 arma),
622 1360 825 1447 τεθηγμένον
852 1354 949 1446 λόγοι
981 1364 1108 1441 (acutae
1138 1355 1318 1438 arationes),

105 1467 193 1560 φημί
226 1469 356 1536 verbum
389 1492 461 1537 cum
497 1471 602 1536 dativo
637 1472 855 1552 coniunctum,
891 1468 954 1561 ἔφη
986 1472 1031 1558 τῷ
1052 1459 1246 1558 Ἀρσακόμᾳ
1275 1464 1318 1529 53

105 1581 192 1666 (243,
205 1580 260 1666 22)
283 1579 392 1670 (inquil
414 1582 634 1667 Arsacomae),
670 1578 699 1650 el
723 1581 768 1672 μὴ
797 1581 855 1664 νύξ
880 1582 920 1652 ed
948 1579 1042 1670 ἔργον
1064 1573 1225 1669 ἀφείλετο
1248 1575 1321 1660 (nisi

104 1711 170 1758 nox
193 1713 333 1781 pugnam
355 1690 556 1774 diremissel);
589 1692 722 1759 lorlasse
749 1694 842 1760 eliam
872 1693 911 1761 ad
938 1695 1108 1781 κλεῖστρον
1135 1711 1191 1780 pro
1216 1690 1320 1774 ssvoca·

104 1797 195 1881 bulo,
229 1798 314 1889 quod
343 1809 391 1866 eal
416 1801 574 1891 κλεῖθρον
603 1801 818 1892 usurpandum
846 1803 993 1870 inductus
1022 1812 1069 1869 esl
1098 1802 1230 1891 scriptor
1251 1794 1321 1865 Ra-

96 1908 217 1976 'manus
240 1908 352 1976 Latino
379 1911 477 1979 verbo
506 1911 591 2003 quod
619 1923 666 1979 esi
697 1915 896 1981 elaaealrum.
947 1911 1069 2004 Repeto
1097 1921 1204 1979 aulem
1232 1907 1320 1999 qued

105 2020 168 2088 iam
190 2019 274 2086 inilia
298 2020 373 2101 dixi,
407 2043 469 2088 non
492 2025 568 2089 salis
590 2021 677 2090 firma
702 2023 740 2090 ad
765 2023 879 2114 aliquid
902 2035 987 2092 cerlo
1018 2020 1215 2114 probandum
1237 2019 1320 2088 haee

106 2140 292 2222 argumenta
316 2154 395 2214 esse,
419 2141 556 2225 allamen
580 2135 705 2202 nonita
729 2133 825 2217 levia,
855 2135 941 2201 utin
964 2159 997 2202 re
1020 2142 1085 2200 lam
1108 2130 1200 2198 dubia
1225 2131 1319 2197 amit·

104 2241 198 2309 lenda
221 2264 258 2307 ea
282 2264 352 2309 esse
375 2243 558 2311 exislimem.

105 2386 307 2404 ᾰ--ιι--ι

182 2463 190 2491 ¹
219 2468 302 2520 Naek.
321 2469 339 2521 l.
396 2505 403 2520 .
440 2509 447 2524 .
476 2509 484 2523 .

179 2468 200 2620 *l
218 2554 310 2609 Rhein.
329 2470 512 2611 Mssulsleuzlfflr
529 2560 600 2613 Phil.
619 2560 681 2629 Xp.
692 2558 742 2614 551
764 2565 840 2622 extr..
859 2575 884 2627 p.
895 2556 957 2624 ⁶52,
976 2567 1030 2614 not.
1040 2560 1066 2625 5,
1086 2557 1184 2628 abel,
1203 2567 1257 2612 nat.
1269 2558 1295 2614 3.
