<?xml version="1.0" encoding="UTF-8"?>
<!DOCTYPE html PUBLIC "-//W3C//DTD XHTML 1.0 Transitional//EN"
    "http://www.w3.org/TR/xhtml1/DTD/xhtml1-transitional.dtd">
<html xmlns="http://www.w3.org/1999/xhtml" xml:lang="en" lang="en">
 <head>
  <title>
</title>
<meta http-equiv="Content-Type" content="text/html;charset=utf-8" />
  <meta name='ocr-system' content='tesseract 3.04.00' />
  <meta name='ocr-capabilities' content='ocr_page ocr_carea ocr_par ocr_line ocrx_word'/>
</head>
<body>
  <div class='ocr_page' id='page_1' title='image "./desubditoquiint00guttgoog_0099.png"; bbox 0 0 2856 4906; ppageno 0'>
   <div class='ocr_carea' id='block_1_1' title="bbox 129 151 1421 3858">
    <p class='ocr_par' dir='ltr' id='par_1_1' title="bbox 703 151 754 236">
     <span class='ocr_line' id='line_1_1' title="bbox 703 151 754 236; baseline 0 0"><span class='ocrx_word' id='word_1_1' title='bbox 703 151 754 236; x_wconf 69' lang='lat' dir='ltr'>⁴as</span> 
     </span>
    </p>

    <p class='ocr_par' dir='ltr' id='par_1_2' title="bbox 129 336 1349 2421">
     <span class='ocr_line' id='line_1_2' title="bbox 129 336 1343 434; baseline -0.011 -19"><span class='ocrx_word' id='word_1_2' title='bbox 129 368 199 415; x_wconf 90' lang='lat' dir='ltr'>raro</span> <span class='ocrx_word' id='word_1_3' title='bbox 223 344 356 412; x_wconf 89' lang='lat' dir='ltr'>carceris</span> <span class='ocrx_word' id='word_1_4' title='bbox 379 364 540 434; x_wconf 88' lang='lat' dir='ltr'>poenam</span> <span class='ocrx_word' id='word_1_5' title='bbox 562 341 747 432; x_wconf 76' lang='lat' dir='ltr'>irrogarent,</span> <span class='ocrx_word' id='word_1_6' title='bbox 776 350 842 408; x_wconf 91' lang='lat' dir='ltr'>tum</span> <span class='ocrx_word' id='word_1_7' title='bbox 865 337 1036 429; x_wconf 88' lang='lat' dir='ltr'>sacrilegos</span> <span class='ocrx_word' id='word_1_8' title='bbox 1059 336 1172 405; x_wconf 88' lang='lat' dir='ltr'>Graeci</span> <span class='ocrx_word' id='word_1_9' title='bbox 1196 344 1297 403; x_wconf 90' lang='lat' dir='ltr'>morte</span> <span class='ocrx_word' id='word_1_10' title='bbox 1307 337 1343 426; x_wconf 91' lang='lat'>¹),</span> 
     </span>
     <span class='ocr_line' id='line_1_3' title="bbox 131 447 1343 544; baseline -0.006 -22"><span class='ocrx_word' id='word_1_11' title='bbox 131 455 265 522; x_wconf 86' lang='lat' dir='ltr'>Romani</span> <span class='ocrx_word' id='word_1_12' title='bbox 287 453 358 544; x_wconf 89' lang='lat' dir='ltr'>lege</span> <span class='ocrx_word' id='word_1_13' title='bbox 373 451 451 520; x_wconf 90' lang='lat' dir='ltr'>lulia</span> <span class='ocrx_word' id='word_1_14' title='bbox 474 474 575 542; x_wconf 90' lang='lat' dir='ltr'>aquae</span> <span class='ocrx_word' id='word_1_15' title='bbox 599 462 630 518; x_wconf 88' lang='lat' dir='ltr'>et</span> <span class='ocrx_word' id='word_1_16' title='bbox 651 453 730 540; x_wconf 89' lang='lat' dir='ltr'>ignis</span> <span class='ocrx_word' id='word_1_17' title='bbox 753 450 974 533; x_wconf 76' lang='lat' dir='ltr'>interdictione,</span> <span class='ocrx_word' id='word_1_18' title='bbox 996 447 1218 539; x_wconf 83' lang='lat' dir='ltr'>posterioribus</span> <span class='ocrx_word' id='word_1_19' title='bbox 1234 455 1343 515; x_wconf 89' lang='lat' dir='ltr'>autem</span> 
     </span>
     <span class='ocr_line' id='line_1_4' title="bbox 129 559 1344 654; baseline -0.004 -23"><span class='ocrx_word' id='word_1_20' title='bbox 129 565 322 654; x_wconf 83' lang='lat' dir='ltr'>temporibus</span> <span class='ocrx_word' id='word_1_21' title='bbox 346 575 400 630; x_wconf 91' lang='lat' dir='ltr'>aut</span> <span class='ocrx_word' id='word_1_22' title='bbox 422 564 621 631; x_wconf 82' lang='lat' dir='ltr'>damnatione</span> <span class='ocrx_word' id='word_1_23' title='bbox 644 562 683 629; x_wconf 93' lang='lat' dir='ltr'>ad</span> <span class='ocrx_word' id='word_1_24' title='bbox 707 561 821 629; x_wconf 83' lang='lat' dir='ltr'>bestias</span> <span class='ocrx_word' id='word_1_25' title='bbox 844 570 899 628; x_wconf 88' lang='lat' dir='ltr'>aut</span> <span class='ocrx_word' id='word_1_26' title='bbox 921 561 961 628; x_wconf 90' lang='lat' dir='ltr'>ad</span> <span class='ocrx_word' id='word_1_27' title='bbox 983 559 1125 641; x_wconf 84' lang='lat' dir='ltr'>metalla,</span> <span class='ocrx_word' id='word_1_28' title='bbox 1152 567 1208 624; x_wconf 87' lang='lat' dir='ltr'>aut</span> <span class='ocrx_word' id='word_1_29' title='bbox 1229 559 1344 650; x_wconf 87' lang='lat' dir='ltr'>depor-</span> 
     </span>
     <span class='ocr_line' id='line_1_5' title="bbox 130 668 1345 768; baseline -0.003 -26"><span class='ocrx_word' id='word_1_30' title='bbox 130 677 247 742; x_wconf 86' lang='lat' dir='ltr'>tatione</span> <span class='ocrx_word' id='word_1_31' title='bbox 275 684 330 741; x_wconf 92' lang='lat' dir='ltr'>aut</span> <span class='ocrx_word' id='word_1_32' title='bbox 356 675 444 741; x_wconf 84' lang='lat' dir='ltr'>furca</span> <span class='ocrx_word' id='word_1_33' title='bbox 471 683 525 740; x_wconf 88' lang='lat' dir='ltr'>aut</span> <span class='ocrx_word' id='word_1_34' title='bbox 552 684 653 740; x_wconf 91' lang='lat' dir='ltr'>morte</span> <span class='ocrx_word' id='word_1_35' title='bbox 674 672 885 768; x_wconf 72' lang='lat' dir='ltr'>pruniebant¹).</span> <span class='ocrx_word' id='word_1_36' title='bbox 936 671 1038 737; x_wconf 87' lang='lat' dir='ltr'>Etiam</span> <span class='ocrx_word' id='word_1_37' title='bbox 1061 668 1187 737; x_wconf 88' lang='lat' dir='ltr'>vincula</span> <span class='ocrx_word' id='word_1_38' title='bbox 1214 678 1345 738; x_wconf 86' lang='lat' dir='ltr'>aeterna</span> 
     </span>
     <span class='ocr_line' id='line_1_6' title="bbox 130 780 1345 874; baseline -0.002 -24"><span class='ocrx_word' id='word_1_39' title='bbox 130 786 224 874; x_wconf 86' lang='lat' dir='ltr'>igitur</span> <span class='ocrx_word' id='word_1_40' title='bbox 245 793 299 850; x_wconf 93' lang='lat' dir='ltr'>aut</span> <span class='ocrx_word' id='word_1_41' title='bbox 321 807 444 852; x_wconf 89' lang='lat' dir='ltr'>merum</span> <span class='ocrx_word' id='word_1_42' title='bbox 468 785 618 872; x_wconf 84' lang='lat' dir='ltr'>opinionis</span> <span class='ocrx_word' id='word_1_43' title='bbox 641 792 854 850; x_wconf 88' lang='lat' dir='ltr'>commentum</span> <span class='ocrx_word' id='word_1_44' title='bbox 877 791 963 863; x_wconf 90' lang='lat' dir='ltr'>sunt,</span> <span class='ocrx_word' id='word_1_45' title='bbox 996 791 1050 847; x_wconf 90' lang='lat' dir='ltr'>aut</span> <span class='ocrx_word' id='word_1_46' title='bbox 1073 781 1112 848; x_wconf 93' lang='lat' dir='ltr'>ad</span> <span class='ocrx_word' id='word_1_47' title='bbox 1136 802 1174 847; x_wconf 90' lang='lat' dir='ltr'>ea</span> <span class='ocrx_word' id='word_1_48' title='bbox 1195 780 1345 871; x_wconf 89' lang='lat' dir='ltr'>fingenda</span> 
     </span>
     <span class='ocr_line' id='line_1_7' title="bbox 130 891 1347 984; baseline -0.002 -24"><span class='ocrx_word' id='word_1_49' title='bbox 130 895 264 984; x_wconf 84' lang='lat' dir='ltr'>scriptor</span> <span class='ocrx_word' id='word_1_50' title='bbox 278 917 316 960; x_wconf 89' lang='lat' dir='ltr'>ea</span> <span class='ocrx_word' id='word_1_51' title='bbox 332 918 364 960; x_wconf 91' lang='lat' dir='ltr'>rc</span> <span class='ocrx_word' id='word_1_52' title='bbox 379 894 524 960; x_wconf 91' lang='lat' dir='ltr'>inductus</span> <span class='ocrx_word' id='word_1_53' title='bbox 541 903 598 975; x_wconf 90' lang='lat' dir='ltr'>cst,</span> <span class='ocrx_word' id='word_1_54' title='bbox 622 893 706 982; x_wconf 89' lang='lat' dir='ltr'>quod</span> <span class='ocrx_word' id='word_1_55' title='bbox 728 894 861 960; x_wconf 88' lang='lat' dir='ltr'>carceris</span> <span class='ocrx_word' id='word_1_56' title='bbox 883 914 985 983; x_wconf 90' lang='lat' dir='ltr'>poena</span> <span class='ocrx_word' id='word_1_57' title='bbox 1008 893 1127 958; x_wconf 87' lang='lat' dir='ltr'>etiamsi</span> <span class='ocrx_word' id='word_1_58' title='bbox 1150 913 1212 958; x_wconf 89' lang='lat' dir='ltr'>non</span> <span class='ocrx_word' id='word_1_59' title='bbox 1228 891 1347 958; x_wconf 88' lang='lat' dir='ltr'>usitata</span> 
     </span>
     <span class='ocr_line' id='line_1_8' title="bbox 132 1001 1346 1095; baseline -0.002 -25"><span class='ocrx_word' id='word_1_60' title='bbox 132 1003 215 1095; x_wconf 90' lang='lat' dir='ltr'>apud</span> <span class='ocrx_word' id='word_1_61' title='bbox 231 1003 393 1070; x_wconf 86' lang='lat' dir='ltr'>Romanos</span> <span class='ocrx_word' id='word_1_62' title='bbox 410 1013 485 1084; x_wconf 90' lang='lat' dir='ltr'>erat,</span> <span class='ocrx_word' id='word_1_63' title='bbox 498 1004 653 1070; x_wconf 90' lang='lat' dir='ltr'>interdum</span> <span class='ocrx_word' id='word_1_64' title='bbox 669 1013 774 1071; x_wconf 87' lang='lat' dir='ltr'>tamen</span> <span class='ocrx_word' id='word_1_65' title='bbox 789 1003 993 1092; x_wconf 82' lang='lat' dir='ltr'>irrogabatur.</span> <span class='ocrx_word' id='word_1_66' title='bbox 1021 1001 1211 1068; x_wconf 84' lang='lat' dir='ltr'>Examinare</span> <span class='ocrx_word' id='word_1_67' title='bbox 1226 1011 1346 1084; x_wconf 89' lang='lat' dir='ltr'>autem,</span> 
     </span>
     <span class='ocr_line' id='line_1_9' title="bbox 131 1111 1347 1204; baseline -0.001 -24"><span class='ocrx_word' id='word_1_68' title='bbox 131 1136 207 1180; x_wconf 91' lang='lat' dir='ltr'>num</span> <span class='ocrx_word' id='word_1_69' title='bbox 234 1114 462 1204; x_wconf 85' lang='lat' dir='ltr'>Aegyptiorum</span> <span class='ocrx_word' id='word_1_70' title='bbox 494 1113 616 1204; x_wconf 89' lang='lat' dir='ltr'>legibus</span> <span class='ocrx_word' id='word_1_71' title='bbox 651 1113 793 1204; x_wconf 81' lang='lat' dir='ltr'>sacrilegi</span> <span class='ocrx_word' id='word_1_72' title='bbox 827 1114 858 1180; x_wconf 92' lang='lat' dir='ltr'>in</span> <span class='ocrx_word' id='word_1_73' title='bbox 884 1111 1009 1180; x_wconf 90' lang='lat' dir='ltr'>vincula</span> <span class='ocrx_word' id='word_1_74' title='bbox 1042 1112 1242 1179; x_wconf 88' lang='lat' dir='ltr'>condemnati</span> <span class='ocrx_word' id='word_1_75' title='bbox 1274 1111 1347 1195; x_wconf 88' lang='lat' dir='ltr'>sint,</span> 
     </span>
     <span class='ocr_line' id='line_1_10' title="bbox 132 1223 1345 1315; baseline 0.002 -27"><span class='ocrx_word' id='word_1_76' title='bbox 132 1224 239 1304; x_wconf 91' lang='lat' dir='ltr'>omisi,</span> <span class='ocrx_word' id='word_1_77' title='bbox 272 1224 356 1313; x_wconf 92' lang='lat' dir='ltr'>quod</span> <span class='ocrx_word' id='word_1_78' title='bbox 389 1223 483 1315; x_wconf 89' lang='lat' dir='ltr'>plane</span> <span class='ocrx_word' id='word_1_79' title='bbox 511 1247 781 1315; x_wconf 90' lang='lat' dir='ltr'>supervacaneum</span> <span class='ocrx_word' id='word_1_80' title='bbox 809 1247 881 1290; x_wconf 88' lang='lat' dir='ltr'>esse</span> <span class='ocrx_word' id='word_1_81' title='bbox 914 1223 1104 1305; x_wconf 86' lang='lat' dir='ltr'>existimavi3</span> <span class='ocrx_word' id='word_1_82' title='bbox 1137 1243 1212 1288; x_wconf 86' lang='lat' dir='ltr'>nam</span> <span class='ocrx_word' id='word_1_83' title='bbox 1238 1244 1345 1314; x_wconf 88' lang='lat' dir='ltr'>neque</span> 
     </span>
     <span class='ocr_line' id='line_1_11' title="bbox 131 1331 1345 1426; baseline 0.001 -26"><span class='ocrx_word' id='word_1_84' title='bbox 131 1333 325 1425; x_wconf 84' lang='lat' dir='ltr'>Antiphilum</span> <span class='ocrx_word' id='word_1_85' title='bbox 346 1337 509 1425; x_wconf 86' lang='lat' dir='ltr'>Aegyptiis</span> <span class='ocrx_word' id='word_1_86' title='bbox 536 1334 659 1426; x_wconf 90' lang='lat' dir='ltr'>legibus</span> <span class='ocrx_word' id='word_1_87' title='bbox 684 1337 829 1426; x_wconf 90' lang='lat' dir='ltr'>punitum</span> <span class='ocrx_word' id='word_1_88' title='bbox 856 1357 927 1401; x_wconf 88' lang='lat' dir='ltr'>csse</span> <span class='ocrx_word' id='word_1_89' title='bbox 954 1331 1120 1400; x_wconf 89' lang='lat' dir='ltr'>verisimile</span> <span class='ocrx_word' id='word_1_90' title='bbox 1143 1342 1207 1414; x_wconf 91' lang='lat' dir='ltr'>est,</span> <span class='ocrx_word' id='word_1_91' title='bbox 1240 1355 1345 1424; x_wconf 91' lang='lat' dir='ltr'>neque</span> 
     </span>
     <span class='ocr_line' id='line_1_12' title="bbox 132 1441 1344 1537; baseline 0.002 -29"><span class='ocrx_word' id='word_1_92' title='bbox 132 1445 359 1534; x_wconf 86' lang='lat' dir='ltr'>Aegyptiorum</span> <span class='ocrx_word' id='word_1_93' title='bbox 388 1445 426 1512; x_wconf 91' lang='lat' dir='ltr'>de</span> <span class='ocrx_word' id='word_1_94' title='bbox 455 1446 616 1535; x_wconf 89' lang='lat' dir='ltr'>sacrilegis</span> <span class='ocrx_word' id='word_1_95' title='bbox 649 1446 737 1537; x_wconf 90' lang='lat' dir='ltr'>leges</span> <span class='ocrx_word' id='word_1_96' title='bbox 771 1446 908 1512; x_wconf 88' lang='lat' dir='ltr'>mitiores</span> <span class='ocrx_word' id='word_1_97' title='bbox 936 1446 1032 1510; x_wconf 86' lang='lat' dir='ltr'>luisse</span> <span class='ocrx_word' id='word_1_98' title='bbox 1054 1466 1149 1533; x_wconf 88' lang='lat' dir='ltr'>quam</span> <span class='ocrx_word' id='word_1_99' title='bbox 1171 1441 1344 1527; x_wconf 86' lang='lat' dir='ltr'>Romanas,</span> 
     </span>
     <span class='ocr_line' id='line_1_13' title="bbox 132 1552 1343 1648; baseline -0.001 -27"><span class='ocrx_word' id='word_1_100' title='bbox 132 1575 235 1642; x_wconf 88' lang='lat' dir='ltr'>neque</span> <span class='ocrx_word' id='word_1_101' title='bbox 257 1555 457 1644; x_wconf 88' lang='lat' dir='ltr'>scriptorem,</span> <span class='ocrx_word' id='word_1_102' title='bbox 480 1578 553 1622; x_wconf 90' lang='lat' dir='ltr'>cum</span> <span class='ocrx_word' id='word_1_103' title='bbox 576 1556 696 1648; x_wconf 90' lang='lat' dir='ltr'>reliqua</span> <span class='ocrx_word' id='word_1_104' title='bbox 717 1556 840 1623; x_wconf 88' lang='lat' dir='ltr'>finxerit</span> <span class='ocrx_word' id='word_1_105' title='bbox 862 1564 916 1621; x_wconf 89' lang='lat' dir='ltr'>aut</span> <span class='ocrx_word' id='word_1_106' title='bbox 937 1552 1141 1644; x_wconf 89' lang='lat' dir='ltr'>neglegenter</span> <span class='ocrx_word' id='word_1_107' title='bbox 1162 1555 1343 1638; x_wconf 83' lang='lat' dir='ltr'>narraverit,</span> 
     </span>
     <span class='ocr_line' id='line_1_14' title="bbox 132 1663 1345 1758; baseline 0 -28"><span class='ocrx_word' id='word_1_108' title='bbox 132 1664 357 1755; x_wconf 87' lang='lat' dir='ltr'>Aegyptiorum</span> <span class='ocrx_word' id='word_1_109' title='bbox 380 1663 478 1757; x_wconf 90' lang='lat' dir='ltr'>leges,</span> <span class='ocrx_word' id='word_1_110' title='bbox 502 1676 536 1733; x_wconf 89' lang='lat' dir='ltr'>ut</span> <span class='ocrx_word' id='word_1_111' title='bbox 552 1665 654 1758; x_wconf 89' lang='lat' dir='ltr'>aliqua</span> <span class='ocrx_word' id='word_1_112' title='bbox 671 1666 784 1734; x_wconf 86' lang='lat' dir='ltr'>saltem</span> <span class='ocrx_word' id='word_1_113' title='bbox 801 1674 947 1732; x_wconf 88' lang='lat' dir='ltr'>accurate</span> <span class='ocrx_word' id='word_1_114' title='bbox 969 1666 1106 1746; x_wconf 77' lang='lat' dir='ltr'>referret,</span> <span class='ocrx_word' id='word_1_115' title='bbox 1127 1664 1345 1755; x_wconf 87' lang='lat' dir='ltr'>investigasse.</span> 
     </span>
     <span class='ocr_line' id='line_1_15' title="bbox 133 1772 1348 1866; baseline 0.002 -27"><span class='ocrx_word' id='word_1_116' title='bbox 133 1773 293 1842; x_wconf 87' lang='lat' dir='ltr'>Accidisse</span> <span class='ocrx_word' id='word_1_117' title='bbox 319 1799 395 1842; x_wconf 90' lang='lat' dir='ltr'>vero</span> <span class='ocrx_word' id='word_1_118' title='bbox 424 1801 475 1858; x_wconf 90' lang='lat' dir='ltr'>ea,</span> <span class='ocrx_word' id='word_1_119' title='bbox 511 1800 593 1866; x_wconf 90' lang='lat' dir='ltr'>quae</span> <span class='ocrx_word' id='word_1_120' title='bbox 622 1778 659 1844; x_wconf 92' lang='lat' dir='ltr'>de</span> <span class='ocrx_word' id='word_1_121' title='bbox 687 1774 837 1844; x_wconf 90' lang='lat' dir='ltr'>Anubidis</span> <span class='ocrx_word' id='word_1_122' title='bbox 864 1772 983 1865; x_wconf 90' lang='lat' dir='ltr'>templo</span> <span class='ocrx_word' id='word_1_123' title='bbox 1011 1772 1142 1864; x_wconf 88' lang='lat' dir='ltr'>spoliato</span> <span class='ocrx_word' id='word_1_124' title='bbox 1169 1783 1348 1858; x_wconf 89' lang='lat' dir='ltr'>narrantur,</span> 
     </span>
     <span class='ocr_line' id='line_1_16' title="bbox 131 1882 1346 1977; baseline 0.003 -29"><span class='ocrx_word' id='word_1_125' title='bbox 131 1894 299 1975; x_wconf 87' lang='lat' dir='ltr'>oporteret,</span> <span class='ocrx_word' id='word_1_126' title='bbox 313 1888 344 1954; x_wconf 92' lang='lat' dir='ltr'>si</span> <span class='ocrx_word' id='word_1_127' title='bbox 359 1911 535 1977; x_wconf 91' lang='lat' dir='ltr'>umquam</span> <span class='ocrx_word' id='word_1_128' title='bbox 553 1891 799 1969; x_wconf 89' lang='lat' dir='ltr'>accidissent,</span> <span class='ocrx_word' id='word_1_129' title='bbox 815 1896 887 1954; x_wconf 90' lang='lat' dir='ltr'>ante</span> <span class='ocrx_word' id='word_1_130' title='bbox 898 1883 938 1951; x_wconf 90' lang='lat' dir='ltr'>V.</span> <span class='ocrx_word' id='word_1_131' title='bbox 954 1882 1128 1967; x_wconf 91' lang='lat' dir='ltr'>saeculum,</span> <span class='ocrx_word' id='word_1_132' title='bbox 1143 1886 1213 1975; x_wconf 89' lang='lat' dir='ltr'>quia</span> <span class='ocrx_word' id='word_1_133' title='bbox 1230 1895 1346 1974; x_wconf 87' lang='lat' dir='ltr'>quarto</span> 
     </span>
     <span class='ocr_line' id='line_1_17' title="bbox 131 1994 1349 2091; baseline 0.001 -28"><span class='ocrx_word' id='word_1_134' title='bbox 131 2005 272 2063; x_wconf 88' lang='lat' dir='ltr'>extremo</span> <span class='ocrx_word' id='word_1_135' title='bbox 295 2007 326 2065; x_wconf 92' lang='lat' dir='ltr'>et</span> <span class='ocrx_word' id='word_1_136' title='bbox 347 1999 431 2064; x_wconf 89' lang='lat' dir='ltr'>initio</span> <span class='ocrx_word' id='word_1_137' title='bbox 459 1998 555 2088; x_wconf 88' lang='lat' dir='ltr'>quinti</span> <span class='ocrx_word' id='word_1_138' title='bbox 577 1998 695 2091; x_wconf 90' lang='lat' dir='ltr'>templa</span> <span class='ocrx_word' id='word_1_139' title='bbox 723 1998 882 2089; x_wconf 84' lang='lat' dir='ltr'>gentilium</span> <span class='ocrx_word' id='word_1_140' title='bbox 905 1997 942 2070; x_wconf 86' lang='lat' dir='ltr'>in</span> <span class='ocrx_word' id='word_1_141' title='bbox 958 1996 1104 2087; x_wconf 89' lang='lat' dir='ltr'>Aegypto</span> <span class='ocrx_word' id='word_1_142' title='bbox 1134 1994 1236 2061; x_wconf 75' lang='lat' dir='ltr'>duuta</span> <span class='ocrx_word' id='word_1_143' title='bbox 1270 2005 1349 2064; x_wconf 88' lang='lat' dir='ltr'>sunt</span> 
     </span>
     <span class='ocr_line' id='line_1_18' title="bbox 132 2104 1348 2200; baseline -0.001 -25"><span class='ocrx_word' id='word_1_144' title='bbox 132 2105 242 2196; x_wconf 89' lang='lat' dir='ltr'>deique</span> <span class='ocrx_word' id='word_1_145' title='bbox 269 2112 383 2200; x_wconf 89' lang='lat' dir='ltr'>pagani</span> <span class='ocrx_word' id='word_1_146' title='bbox 411 2108 472 2176; x_wconf 92' lang='lat' dir='ltr'>coli</span> <span class='ocrx_word' id='word_1_147' title='bbox 493 2112 580 2178; x_wconf 88' lang='lat' dir='ltr'>vetiti</span> <span class='ocrx_word' id='word_1_148' title='bbox 590 2113 630 2200; x_wconf 65' lang='grc'>3);</span> <span class='ocrx_word' id='word_1_149' title='bbox 666 2133 723 2177; x_wconf 85' lang='lat' dir='ltr'>cur</span> <span class='ocrx_word' id='word_1_150' title='bbox 750 2118 856 2176; x_wconf 90' lang='lat' dir='ltr'>autem</span> <span class='ocrx_word' id='word_1_151' title='bbox 882 2130 923 2175; x_wconf 90' lang='lat' dir='ltr'>ne</span> <span class='ocrx_word' id='word_1_152' title='bbox 952 2129 993 2172; x_wconf 89' lang='lat' dir='ltr'>cx</span> <span class='ocrx_word' id='word_1_153' title='bbox 1023 2107 1085 2172; x_wconf 92' lang='lat' dir='ltr'>boc</span> <span class='ocrx_word' id='word_1_154' title='bbox 1113 2104 1241 2196; x_wconf 88' lang='lat' dir='ltr'>quidem</span> <span class='ocrx_word' id='word_1_155' title='bbox 1268 2107 1348 2174; x_wconf 86' lang='lat' dir='ltr'>certi</span> 
     </span>
     <span class='ocr_line' id='line_1_19' title="bbox 133 2217 1348 2311; baseline 0.002 -29"><span class='ocrx_word' id='word_1_156' title='bbox 133 2219 302 2308; x_wconf 88' lang='lat' dir='ltr'>quicquam</span> <span class='ocrx_word' id='word_1_157' title='bbox 326 2218 431 2310; x_wconf 90' lang='lat' dir='ltr'>colligi</span> <span class='ocrx_word' id='word_1_158' title='bbox 452 2242 548 2311; x_wconf 91' lang='lat' dir='ltr'>posse</span> <span class='ocrx_word' id='word_1_159' title='bbox 571 2223 761 2302; x_wconf 87' lang='lat' dir='ltr'>existimem,</span> <span class='ocrx_word' id='word_1_160' title='bbox 795 2220 902 2286; x_wconf 88' lang='lat' dir='ltr'>exeis</span> <span class='ocrx_word' id='word_1_161' title='bbox 925 2239 1008 2307; x_wconf 90' lang='lat' dir='ltr'>quae</span> <span class='ocrx_word' id='word_1_162' title='bbox 1029 2217 1251 2308; x_wconf 69' lang='lat' dir='ltr'>(pao-81)</span> <span class='ocrx_word' id='word_1_163' title='bbox 1274 2217 1348 2285; x_wconf 88' lang='lat' dir='ltr'>uni·</span> 
     </span>
     <span class='ocr_line' id='line_1_20' title="bbox 130 2330 596 2421; baseline 0.006 -26"><span class='ocrx_word' id='word_1_164' title='bbox 130 2351 224 2396; x_wconf 87' lang='lat' dir='ltr'>verse</span> <span class='ocrx_word' id='word_1_165' title='bbox 247 2330 379 2418; x_wconf 87' lang='lat' dir='ltr'>exposui</span> <span class='ocrx_word' id='word_1_166' title='bbox 401 2331 596 2421; x_wconf 86' lang='lat' dir='ltr'>perspicitur.</span> 
     </span>
    </p>

    <p class='ocr_par' dir='ltr' id='par_1_3' title="bbox 129 2436 1353 3302">
     <span class='ocr_line' id='line_1_21' title="bbox 217 2436 1353 2533; baseline 0.002 -27"><span class='ocrx_word' id='word_1_167' title='bbox 217 2436 333 2530; x_wconf 85' lang='lat' dir='ltr'>Neque</span> <span class='ocrx_word' id='word_1_168' title='bbox 348 2439 578 2533; x_wconf 72' lang='grc' dir='ltr'><strong><em>συναρμοστής</em></strong></span> <span class='ocrx_word' id='word_1_169' title='bbox 598 2464 713 2510; x_wconf 89' lang='lat' dir='ltr'>nomen</span> <span class='ocrx_word' id='word_1_170' title='bbox 736 2439 833 2507; x_wconf 88' lang='lat' dir='ltr'>ullam</span> <span class='ocrx_word' id='word_1_171' title='bbox 856 2440 895 2506; x_wconf 91' lang='lat' dir='ltr'>ad</span> <span class='ocrx_word' id='word_1_172' title='bbox 912 2449 1032 2506; x_wconf 88' lang='lat' dir='ltr'>certum</span> <span class='ocrx_word' id='word_1_173' title='bbox 1053 2449 1178 2531; x_wconf 90' lang='lat' dir='ltr'>tempus</span> <span class='ocrx_word' id='word_1_174' title='bbox 1195 2437 1353 2508; x_wconf 80' lang='lat' dir='ltr'>definien-</span> 
     </span>
     <span class='ocr_line' id='line_1_22' title="bbox 133 2548 1348 2642; baseline 0.002 -27"><span class='ocrx_word' id='word_1_175' title='bbox 133 2548 208 2616; x_wconf 91' lang='lat' dir='ltr'>dum</span> <span class='ocrx_word' id='word_1_176' title='bbox 231 2550 413 2618; x_wconf 90' lang='lat' dir='ltr'>lacultatem</span> <span class='ocrx_word' id='word_1_177' title='bbox 435 2554 579 2642; x_wconf 72' lang='lat' dir='ltr'>praebet,</span> <span class='ocrx_word' id='word_1_178' title='bbox 603 2576 677 2619; x_wconf 91' lang='lat' dir='ltr'>nam</span> <span class='ocrx_word' id='word_1_179' title='bbox 694 2553 718 2619; x_wconf 92' lang='lat' dir='ltr'>si</span> <span class='ocrx_word' id='word_1_180' title='bbox 733 2548 964 2642; x_wconf 74' lang='grc' dir='ltr'><strong><em>συναρμοστὴν</em></strong></span> <span class='ocrx_word' id='word_1_181' title='bbox 979 2560 1188 2619; x_wconf 86' lang='lat' dir='ltr'>correctorem</span> <span class='ocrx_word' id='word_1_182' title='bbox 1211 2551 1348 2642; x_wconf 85' lang='lat' dir='ltr'>(praesi-</span> 
     </span>
     <span class='ocr_line' id='line_1_23' title="bbox 132 2659 1348 2752; baseline 0.003 -26"><span class='ocrx_word' id='word_1_183' title='bbox 132 2659 313 2748; x_wconf 61' lang='lat' dir='ltr'>dempesse</span> <span class='ocrx_word' id='word_1_184' title='bbox 335 2661 464 2742; x_wconf 90' lang='lat' dir='ltr'>iudicas,</span> <span class='ocrx_word' id='word_1_185' title='bbox 487 2662 561 2729; x_wconf 91' lang='lat' dir='ltr'>nibil</span> <span class='ocrx_word' id='word_1_186' title='bbox 586 2662 669 2730; x_wconf 89' lang='lat' dir='ltr'>aliud</span> <span class='ocrx_word' id='word_1_187' title='bbox 693 2661 834 2746; x_wconf 85' lang='lat' dir='ltr'>efficitur,</span> <span class='ocrx_word' id='word_1_188' title='bbox 857 2685 953 2752; x_wconf 89' lang='lat' dir='ltr'>quam</span> <span class='ocrx_word' id='word_1_189' title='bbox 975 2660 1060 2752; x_wconf 92' lang='lat' dir='ltr'>quod</span> <span class='ocrx_word' id='word_1_190' title='bbox 1081 2662 1144 2729; x_wconf 90' lang='lat' dir='ltr'>iam</span> <span class='ocrx_word' id='word_1_191' title='bbox 1160 2663 1348 2752; x_wconf 91' lang='lat' dir='ltr'>reperimus,</span> 
     </span>
     <span class='ocr_line' id='line_1_24' title="bbox 131 2770 1345 2864; baseline 0.005 -30"><span class='ocrx_word' id='word_1_192' title='bbox 131 2770 371 2858; x_wconf 89' lang='lat' dir='ltr'>procedentibus</span> <span class='ocrx_word' id='word_1_193' title='bbox 399 2774 623 2863; x_wconf 90' lang='lat' dir='ltr'>imperatorum</span> <span class='ocrx_word' id='word_1_194' title='bbox 656 2773 849 2864; x_wconf 88' lang='lat' dir='ltr'>temporibus</span> <span class='ocrx_word' id='word_1_195' title='bbox 884 2773 1044 2863; x_wconf 89' lang='lat' dir='ltr'>dialogum</span> <span class='ocrx_word' id='word_1_196' title='bbox 1079 2794 1149 2838; x_wconf 88' lang='lat' dir='ltr'>esse</span> <span class='ocrx_word' id='word_1_197' title='bbox 1181 2772 1345 2863; x_wconf 86' lang='lat' dir='ltr'>scriptum,</span> 
     </span>
     <span class='ocr_line' id='line_1_25' title="bbox 131 2878 1344 2974; baseline 0.007 -32"><span class='ocrx_word' id='word_1_198' title='bbox 131 2879 157 2942; x_wconf 89' lang='lat' dir='ltr'>si</span> <span class='ocrx_word' id='word_1_199' title='bbox 180 2901 255 2944; x_wconf 87' lang='lat' dir='ltr'>vero</span> <span class='ocrx_word' id='word_1_200' title='bbox 278 2878 340 2947; x_wconf 92' lang='lat' dir='ltr'>hac</span> <span class='ocrx_word' id='word_1_201' title='bbox 362 2904 443 2949; x_wconf 90' lang='lat' dir='ltr'>voce</span> <span class='ocrx_word' id='word_1_202' title='bbox 467 2883 623 2973; x_wconf 88' lang='lat' dir='ltr'>collegam</span> <span class='ocrx_word' id='word_1_203' title='bbox 646 2885 847 2972; x_wconf 87' lang='lat' dir='ltr'>magistratus</span> <span class='ocrx_word' id='word_1_204' title='bbox 870 2882 1035 2974; x_wconf 86' lang='lat' dir='ltr'>significari</span> <span class='ocrx_word' id='word_1_205' title='bbox 1054 2882 1175 2964; x_wconf 87' lang='lat' dir='ltr'>statuis,</span> <span class='ocrx_word' id='word_1_206' title='bbox 1196 2881 1260 2950; x_wconf 88' lang='lat' dir='ltr'>boe</span> <span class='ocrx_word' id='word_1_207' title='bbox 1275 2892 1344 2950; x_wconf 84' lang='lat' dir='ltr'>tan·</span> 
     </span>
     <span class='ocr_line' id='line_1_26' title="bbox 130 2988 1346 3084; baseline 0.007 -31"><span class='ocrx_word' id='word_1_208' title='bbox 130 2996 199 3053; x_wconf 92' lang='lat' dir='ltr'>tum</span> <span class='ocrx_word' id='word_1_209' title='bbox 217 2988 321 3079; x_wconf 91' lang='lat' dir='ltr'>colligi</span> <span class='ocrx_word' id='word_1_210' title='bbox 337 3001 451 3081; x_wconf 91' lang='lat' dir='ltr'>potest,</span> <span class='ocrx_word' id='word_1_211' title='bbox 475 2994 659 3083; x_wconf 90' lang='lat' dir='ltr'>scriptorem</span> <span class='ocrx_word' id='word_1_212' title='bbox 682 3014 743 3060; x_wconf 91' lang='lat' dir='ltr'>non</span> <span class='ocrx_word' id='word_1_213' title='bbox 758 2993 929 3084; x_wconf 88' lang='lat' dir='ltr'>ignorasse,</span> <span class='ocrx_word' id='word_1_214' title='bbox 952 3002 1024 3060; x_wconf 88' lang='lat' dir='ltr'>ante</span> <span class='ocrx_word' id='word_1_215' title='bbox 1043 2993 1346 3061; x_wconf 88' lang='lat' dir='ltr'>administrationem</span> 
     </span>
     <span class='ocr_line' id='line_1_27' title="bbox 130 3096 1345 3194; baseline 0.008 -33"><span class='ocrx_word' id='word_1_216' title='bbox 130 3096 248 3186; x_wconf 88' lang='lat' dir='ltr'>imperii</span> <span class='ocrx_word' id='word_1_217' title='bbox 281 3122 297 3164; x_wconf 93' lang='lat' dir='ltr'>a</span> <span class='ocrx_word' id='word_1_218' title='bbox 326 3098 531 3169; x_wconf 89' lang='lat' dir='ltr'>Constantino</span> <span class='ocrx_word' id='word_1_219' title='bbox 561 3111 715 3168; x_wconf 88' lang='lat' dir='ltr'>mutatam</span> <span class='ocrx_word' id='word_1_220' title='bbox 740 3100 843 3168; x_wconf 89' lang='lat' dir='ltr'>Roma</span> <span class='ocrx_word' id='word_1_221' title='bbox 872 3113 995 3193; x_wconf 87' lang='lat' dir='ltr'>praeter</span> <span class='ocrx_word' id='word_1_222' title='bbox 1026 3105 1220 3194; x_wconf 84' lang='lat' dir='ltr'>praelectum</span> <span class='ocrx_word' id='word_1_223' title='bbox 1248 3104 1345 3171; x_wconf 89' lang='lat' dir='ltr'>etiam</span> 
     </span>
     <span class='ocr_line' id='line_1_28' title="bbox 129 3205 892 3302; baseline 0.013 -33"><span class='ocrx_word' id='word_1_224' title='bbox 129 3205 291 3275; x_wconf 88' lang='lat' dir='ltr'>iuridicum</span> <span class='ocrx_word' id='word_1_225' title='bbox 313 3210 344 3275; x_wconf 90' lang='lat' dir='ltr'>in</span> <span class='ocrx_word' id='word_1_226' title='bbox 359 3217 541 3302; x_wconf 89' lang='lat' dir='ltr'>Aegyptum</span> <span class='ocrx_word' id='word_1_227' title='bbox 562 3215 640 3280; x_wconf 89' lang='lat' dir='ltr'>mitti</span> <span class='ocrx_word' id='word_1_228' title='bbox 663 3212 790 3280; x_wconf 90' lang='lat' dir='ltr'>solitum</span> <span class='ocrx_word' id='word_1_229' title='bbox 813 3235 892 3279; x_wconf 88' lang='lat' dir='ltr'>esse.</span> 
     </span>
    </p>

    <p class='ocr_par' dir='ltr' id='par_1_4' title="bbox 129 3315 1421 3858">
     <span class='ocr_line' id='line_1_29' title="bbox 216 3315 1347 3416; baseline 0.011 -34"><span class='ocrx_word' id='word_1_230' title='bbox 216 3315 341 3386; x_wconf 87' lang='lat' dir='ltr'>Deinde</span> <span class='ocrx_word' id='word_1_231' title='bbox 363 3343 403 3386; x_wconf 87' lang='lat' dir='ltr'>ex</span> <span class='ocrx_word' id='word_1_232' title='bbox 425 3321 478 3404; x_wconf 91' lang='lat' dir='ltr'>eis,</span> <span class='ocrx_word' id='word_1_233' title='bbox 502 3346 583 3413; x_wconf 91' lang='lat' dir='ltr'>quae</span> <span class='ocrx_word' id='word_1_234' title='bbox 600 3324 638 3391; x_wconf 92' lang='lat' dir='ltr'>de</span> <span class='ocrx_word' id='word_1_235' title='bbox 653 3324 800 3390; x_wconf 87' lang='lat' dir='ltr'>Amizoce</span> <span class='ocrx_word' id='word_1_236' title='bbox 824 3333 988 3392; x_wconf 88' lang='lat' dir='ltr'>narrantur</span> <span class='ocrx_word' id='word_1_237' title='bbox 1009 3327 1070 3392; x_wconf 91' lang='lat' dir='ltr'>iam</span> <span class='ocrx_word' id='word_1_238' title='bbox 1086 3333 1253 3416; x_wconf 88' lang='lat' dir='ltr'>propterea</span> <span class='ocrx_word' id='word_1_239' title='bbox 1267 3325 1347 3395; x_wconf 88' lang='lat' dir='ltr'>nibil</span> 
     </span>
     <span class='ocr_line' id='line_1_30' title="bbox 130 3425 1347 3527; baseline 0.013 -38"><span class='ocrx_word' id='word_1_240' title='bbox 130 3425 210 3492; x_wconf 91' lang='lat' dir='ltr'>ellici</span> <span class='ocrx_word' id='word_1_241' title='bbox 232 3436 352 3517; x_wconf 89' lang='lat' dir='ltr'>potest,</span> <span class='ocrx_word' id='word_1_242' title='bbox 386 3433 470 3521; x_wconf 91' lang='lat' dir='ltr'>quod</span> <span class='ocrx_word' id='word_1_243' title='bbox 493 3434 637 3500; x_wconf 88' lang='lat' dir='ltr'>dicuntur</span> <span class='ocrx_word' id='word_1_244' title='bbox 660 3432 802 3522; x_wconf 85' lang='lat' dir='ltr'>Scythae</span> <span class='ocrx_word' id='word_1_245' title='bbox 825 3436 869 3500; x_wconf 90' lang='lat' dir='ltr'>cis</span> <span class='ocrx_word' id='word_1_246' title='bbox 892 3434 920 3500; x_wconf 86' lang='lat' dir='ltr'>T</span> <span class='ocrx_word' id='word_1_247' title='bbox 922 3437 1026 3502; x_wconf 87' lang='lat' dir='ltr'>anaim</span> <span class='ocrx_word' id='word_1_248' title='bbox 1046 3437 1163 3503; x_wconf 87' lang='lat' dir='ltr'>flumen</span> <span class='ocrx_word' id='word_1_249' title='bbox 1186 3435 1347 3527; x_wconf 88' lang='lat' dir='ltr'>ultraque,</span> 
     </span>
     <span class='ocr_line' id='line_1_31' title="bbox 130 3533 1346 3628; baseline 0.014 -29"><span class='ocrx_word' id='word_1_250' title='bbox 130 3533 298 3603; x_wconf 85' lang='lat' dir='ltr'>Sarmatae</span> <span class='ocrx_word' id='word_1_251' title='bbox 324 3541 549 3610; x_wconf 89' lang='lat' dir='ltr'>transflumen</span> <span class='ocrx_word' id='word_1_252' title='bbox 572 3541 744 3626; x_wconf 88' lang='lat' dir='ltr'>habitasse,</span> <span class='ocrx_word' id='word_1_253' title='bbox 779 3568 852 3612; x_wconf 89' lang='lat' dir='ltr'>cum</span> <span class='ocrx_word' id='word_1_254' title='bbox 880 3544 943 3613; x_wconf 89' lang='lat' dir='ltr'>hoc</span> <span class='ocrx_word' id='word_1_255' title='bbox 970 3555 1108 3628; x_wconf 88' lang='lat' dir='ltr'>constet,</span> <span class='ocrx_word' id='word_1_256' title='bbox 1140 3545 1241 3614; x_wconf 90' lang='lat' dir='ltr'>multo</span> <span class='ocrx_word' id='word_1_257' title='bbox 1269 3558 1346 3616; x_wconf 88' lang='lat' dir='ltr'>ante</span> 
     </span>
     <span class='ocr_line' id='line_1_32' title="bbox 130 3641 1346 3750; baseline 0.016 -43"><span class='ocrx_word' id='word_1_258' title='bbox 130 3641 281 3711; x_wconf 87' lang='lat' dir='ltr'>Toxarim</span> <span class='ocrx_word' id='word_1_259' title='bbox 305 3648 464 3740; x_wconf 88' lang='lat' dir='ltr'>dialogum</span> <span class='ocrx_word' id='word_1_260' title='bbox 487 3653 638 3743; x_wconf 88' lang='lat' dir='ltr'>scriptum</span> <span class='ocrx_word' id='word_1_261' title='bbox 654 3651 817 3721; x_wconf 86' lang='lat' dir='ltr'>Sarmatas</span> <span class='ocrx_word' id='word_1_262' title='bbox 832 3656 862 3722; x_wconf 92' lang='lat' dir='ltr'>in</span> <span class='ocrx_word' id='word_1_263' title='bbox 878 3654 1038 3747; x_wconf 85' lang='lat' dir='ltr'>Europam</span> <span class='ocrx_word' id='word_1_264' title='bbox 1054 3659 1217 3749; x_wconf 86' lang='lat' dir='ltr'>migrasse,</span> <span class='ocrx_word' id='word_1_265' title='bbox 1239 3679 1346 3750; x_wconf 88' lang='lat' dir='ltr'>neque</span> 
     </span>
     <span class='ocr_line' id='line_1_33' title="bbox 129 3751 1421 3858; baseline 0.019 -41"><span class='ocrx_word' id='word_1_266' title='bbox 129 3751 192 3820; x_wconf 89' lang='lat' dir='ltr'>iam</span> <span class='ocrx_word' id='word_1_267' title='bbox 215 3752 377 3824; x_wconf 87' lang='lat' dir='ltr'>Strabonis</span> <span class='ocrx_word' id='word_1_268' title='bbox 407 3771 511 3830; x_wconf 88' lang='lat' dir='ltr'>aetate</span> <span class='ocrx_word' id='word_1_269' title='bbox 534 3761 635 3831; x_wconf 83' lang='lat' dir='ltr'>Tanai</span> <span class='ocrx_word' id='word_1_270' title='bbox 660 3763 788 3832; x_wconf 88' lang='lat' dir='ltr'>flumine</span> <span class='ocrx_word' id='word_1_271' title='bbox 815 3765 854 3832; x_wconf 91' lang='lat' dir='ltr'>ab</span> <span class='ocrx_word' id='word_1_272' title='bbox 877 3765 1050 3858; x_wconf 84' lang='lat' dir='ltr'>Europaeis</span> <span class='ocrx_word' id='word_1_273' title='bbox 1074 3767 1202 3858; x_wconf 85' lang='lat' dir='ltr'>Scythis</span> <span class='ocrx_word' id='word_1_274' title='bbox 1225 3767 1345 3838; x_wconf 90' lang='lat' dir='ltr'>divisos</span> <span class='ocrx_word' id='word_1_275' title='bbox 1416 3827 1421 3843; x_wconf 92' lang='lat'>.</span> 
     </span>
    </p>
   </div>
   <div class='ocr_carea' id='block_1_2' title="bbox 131 3961 332 3979">
    <p class='ocr_par' dir='ltr' id='par_1_5' title="bbox 131 3961 332 3979">
     <span class='ocr_line' id='line_1_34' title="bbox 131 3961 332 3979; baseline 0.02 -4"><span class='ocrx_word' id='word_1_276' title='bbox 131 3961 332 3979; x_wconf 73' lang='lat'><em>-—-·=—-—-</em></span> 
     </span>
    </p>
   </div>
   <div class='ocr_carea' id='block_1_3' title="bbox 129 4085 1344 4248">
    <p class='ocr_par' dir='ltr' id='par_1_6' title="bbox 129 4085 1344 4248">
     <span class='ocr_line' id='line_1_35' title="bbox 202 4085 1344 4172; baseline 0.02 -31"><span class='ocrx_word' id='word_1_277' title='bbox 202 4085 221 4156; x_wconf 84' lang='lat'>&#39;)</span> <span class='ocrx_word' id='word_1_278' title='bbox 238 4092 329 4144; x_wconf 82' lang='lat' dir='ltr'>Maior.</span> <span class='ocrx_word' id='word_1_279' title='bbox 348 4092 379 4143; x_wconf 85' lang='lat' dir='ltr'>de</span> <span class='ocrx_word' id='word_1_280' title='bbox 397 4091 474 4146; x_wconf 90' lang='lat' dir='ltr'>bonis</span> <span class='ocrx_word' id='word_1_281' title='bbox 493 4094 673 4147; x_wconf 85' lang='lat' dir='ltr'>damnatorum</span> <span class='ocrx_word' id='word_1_282' title='bbox 692 4114 718 4162; x_wconf 92' lang='lat' dir='ltr'>p.</span> <span class='ocrx_word' id='word_1_283' title='bbox 735 4096 769 4152; x_wconf 84' lang='lat'>15</span> <span class='ocrx_word' id='word_1_284' title='bbox 787 4105 813 4152; x_wconf 84' lang='lat' dir='ltr'>ot</span> <span class='ocrx_word' id='word_1_285' title='bbox 832 4096 875 4154; x_wconf 79' lang='lat'>17.</span> <span class='ocrx_word' id='word_1_286' title='bbox 910 4099 1013 4158; x_wconf 80' lang='lat' dir='ltr'>Aelien.</span> <span class='ocrx_word' id='word_1_287' title='bbox 1033 4103 1080 4167; x_wconf 84' lang='grc' dir='ltr'>ΧΙ,</span> <span class='ocrx_word' id='word_1_288' title='bbox 1094 4101 1119 4169; x_wconf 84' lang='lat'>5,</span> <span class='ocrx_word' id='word_1_289' title='bbox 1137 4121 1163 4172; x_wconf 83' lang='lat' dir='ltr'>p·</span> <span class='ocrx_word' id='word_1_290' title='bbox 1175 4103 1236 4170; x_wconf 80' lang='lat'>637,</span> <span class='ocrx_word' id='word_1_291' title='bbox 1253 4113 1309 4162; x_wconf 86' lang='lat' dir='ltr'>not.</span> <span class='ocrx_word' id='word_1_292' title='bbox 1324 4107 1344 4164; x_wconf 84' lang='lat'>4</span> 
     </span>
     <span class='ocr_line' id='line_1_36' title="bbox 129 4176 754 4248; baseline 0.014 -20"><span class='ocrx_word' id='word_1_293' title='bbox 129 4176 173 4239; x_wconf 86' lang='lat' dir='ltr'>(cf.</span> <span class='ocrx_word' id='word_1_294' title='bbox 187 4177 219 4239; x_wconf 87' lang='lat' dir='ltr'>V,</span> <span class='ocrx_word' id='word_1_295' title='bbox 240 4176 281 4241; x_wconf 88' lang='lat'>16,</span> <span class='ocrx_word' id='word_1_296' title='bbox 301 4195 326 4245; x_wconf 89' lang='lat' dir='ltr'>p.</span> <span class='ocrx_word' id='word_1_297' title='bbox 335 4179 407 4244; x_wconf 84' lang='grc'>396),</span> <span class='ocrx_word' id='word_1_298' title='bbox 426 4181 548 4248; x_wconf 82' lang='lat' dir='ltr'>Aloiphr.</span> <span class='ocrx_word' id='word_1_299' title='bbox 566 4184 612 4246; x_wconf 80' lang='lat' dir='ltr'>tlt,</span> <span class='ocrx_word' id='word_1_300' title='bbox 631 4181 675 4248; x_wconf 85' lang='lat'>43,</span> <span class='ocrx_word' id='word_1_301' title='bbox 696 4183 754 4248; x_wconf 68' lang='lat' dir='ltr'>§.b</span> 
     </span>
    </p>
   </div>
   <div class='ocr_carea' id='block_1_4' title="bbox 200 4262 1343 4434">
    <p class='ocr_par' dir='ltr' id='par_1_7' title="bbox 200 4262 1343 4434">
     <span class='ocr_line' id='line_1_37' title="bbox 200 4262 909 4338; baseline 0.021 -24"><span class='ocrx_word' id='word_1_302' title='bbox 200 4262 219 4327; x_wconf 84' lang='lat'>²)</span> <span class='ocrx_word' id='word_1_303' title='bbox 238 4265 313 4329; x_wconf 89' lang='lat' dir='ltr'>Reiu,</span> <span class='ocrx_word' id='word_1_304' title='bbox 332 4267 487 4318; x_wconf 82' lang='lat' dir='ltr'>Rbmisobes</span> <span class='ocrx_word' id='word_1_305' title='bbox 506 4269 707 4321; x_wconf 83' lang='lat' dir='ltr'>Criminalrecht</span> <span class='ocrx_word' id='word_1_306' title='bbox 724 4289 750 4338; x_wconf 86' lang='lat' dir='ltr'>p.</span> <span class='ocrx_word' id='word_1_307' title='bbox 761 4271 909 4329; x_wconf 82' lang='lat'>691—695.</span> 
     </span>
     <span class='ocr_line' id='line_1_38' title="bbox 201 4348 1343 4434; baseline 0.019 -34"><span class='ocrx_word' id='word_1_308' title='bbox 201 4348 220 4414; x_wconf 83' lang='lat'>³)</span> <span class='ocrx_word' id='word_1_309' title='bbox 241 4351 391 4418; x_wconf 81' lang='lat' dir='ltr'>Schrdckh,</span> <span class='ocrx_word' id='word_1_310' title='bbox 419 4354 577 4406; x_wconf 83' lang='lat' dir='ltr'>christliche</span> <span class='ocrx_word' id='word_1_311' title='bbox 600 4358 870 4426; x_wconf 84' lang='lat' dir='ltr'>Kircbongescbichte</span> <span class='ocrx_word' id='word_1_312' title='bbox 888 4365 951 4430; x_wconf 88' lang='lat' dir='ltr'>Vll,</span> <span class='ocrx_word' id='word_1_313' title='bbox 974 4365 1063 4434; x_wconf 73' lang='lat'><strong>1³·222</strong></span> <span class='ocrx_word' id='word_1_314' title='bbox 1076 4362 1184 4430; x_wconf 79' lang='grc'><strong><em>-224,</em></strong></span> <span class='ocrx_word' id='word_1_315' title='bbox 1203 4365 1272 4433; x_wconf 80' lang='grc'><strong>226,</strong></span> <span class='ocrx_word' id='word_1_316' title='bbox 1299 4368 1343 4434; x_wconf 80' lang='lat' dir='ltr'>(dc</span> 
     </span>
    </p>
   </div>
   <div class='ocr_carea' id='block_1_5' title="bbox 27 4435 709 4510">
    <p class='ocr_par' dir='ltr' id='par_1_8' title="bbox 27 4435 709 4510">
     <span class='ocr_line' id='line_1_39' title="bbox 27 4435 709 4510; baseline 0.028 -30"><span class='ocrx_word' id='word_1_317' title='bbox 27 4448 30 4454; x_wconf 93' lang='lat'>·</span> <span class='ocrx_word' id='word_1_318' title='bbox 151 4435 230 4501; x_wconf 82' lang='lat' dir='ltr'>mplis</span> <span class='ocrx_word' id='word_1_319' title='bbox 252 4435 427 4493; x_wconf 81' lang='lat' dir='ltr'>Alexandriae</span> <span class='ocrx_word' id='word_1_320' title='bbox 446 4442 551 4510; x_wconf 83' lang='lat' dir='ltr'>dirutis)</span> <span class='ocrx_word' id='word_1_321' title='bbox 569 4440 630 4509; x_wconf 78' lang='lat'>243,</span> <span class='ocrx_word' id='word_1_322' title='bbox 648 4443 709 4500; x_wconf 79' lang='lat'>249.</span> 
     </span>
    </p>
   </div>
   <div class='ocr_carea' id='block_1_6' title="bbox 0 0 1432 4906">
    <p class='ocr_par' dir='ltr' id='par_1_9' title="bbox 0 0 1432 4906">
     <span class='ocr_line' id='line_1_40' title="bbox 0 0 1432 4906; baseline 0 0"><span class='ocrx_word' id='word_1_323' title='bbox 0 0 1432 4906; x_wconf 95' lang='lat' dir='ltr'> </span> 
     </span>
    </p>
   </div>
  </div>
 </body>
</html>
