2856 4906
659 227 719 294 101

85 400 200 470 Graeci
222 401 346 491 septimi
369 407 424 467 ant
446 400 527 466 sexti
551 399 678 467 demum
700 396 820 465 saeculi
835 407 909 468 ante
924 398 1000 468 Chr.
1017 409 1080 468 nat.
1095 398 1204 468 sedem
1218 397 1300 469 itlius

82 510 210 578 fabulae
238 534 256 576 a
287 509 407 575 Lemno
439 507 540 574 insuta
569 509 600 573 in
630 506 887 574 Chersonnesum
915 508 955 576 ad
978 509 1103 577 Tauros
1133 510 1301 578 transtule-

83 624 144 688 rint
156 624 193 702 1);
228 621 278 685 cui
306 628 409 684 tamen
438 618 501 682 hoc
528 616 714 707 figmentum
743 640 805 684 non
835 619 975 710 ineptum
996 620 1135 701 videtur,
1165 622 1191 687 is
1213 619 1301 711 legat

82 732 166 798 acuti
186 729 269 796 iilius
291 727 388 794 Russi
416 728 545 817 opus2),
575 748 616 792 ex
643 748 706 814 quo
734 726 815 795 haec
843 738 964 795 tanturn
993 731 1104 797 attero:
1134 730 1164 797 ie
1192 729 1297 799 mdme

81 839 197 932 penpie
216 840 376 906 inhumain
400 861 512 904 envers
535 835 581 904 ies
605 838 765 927 etrangers
790 848 837 905 est
861 838 978 908 touche'
1000 840 1056 906 des
1079 840 1235 909 douceurs
1259 841 1298 910 de

80 951 206 1019 l‘omitic
230 973 267 1016 en
290 959 434 1040 respecte
462 947 509 1013 les
539 945 617 1013 tiens
641 954 673 1013 ct
695 969 846 1014 consacre
867 948 914 1015 les
938 951 1062 1016 devoirs
1085 949 1148 1033 (tib.
1164 957 1191 1032 i,
1207 973 1234 1018 c.
1247 953 1300 1031 38,

81 1064 178 1152 pot)
288 1058 326 1126 iis
361 1058 580 1124 canoniserent
603 1079 650 1122 ·ce
685 1056 800 1148 couple
834 1059 943 1125 d’amis
980 1082 1055 1126 sons
1087 1059 1118 1127 le
1151 1083 1226 1127 nom
1257 1061 1298 1131 de

83 1173 221 1240 {Jorotcs
242 1193 285 1237 ou
308 1177 436 1260 patrons
459 1168 592 1234 t‘amirie'
700 1166 746 1234 les
770 1177 832 1234 arts
854 1171 971 1259 prirent
992 1169 1023 1236 le
1045 1171 1112 1237 soin
1135 1170 1175 1236 de
1198 1180 1298 1239 trans·

80 1290 192 1347 mettre
219 1280 291 1361 iria
318 1280 468 1370 posterite
495 1278 526 1345 le
553 1279 630 1343 recit
657 1278 713 1343 des
736 1279 941 1347 e'vbnements
963 1329 1052 1346 .....
1053 1301 1094 1348 en
1118 1304 1157 1346 en
1179 1282 1297 1372 peignit

79 1388 127 1457 les
148 1392 333 1481 principoux
356 1391 441 1456 traits
463 1411 517 1454 sur
538 1386 585 1455 ies
600 1410 688 1452 murs
704 1386 767 1472 (lib.
781 1387 802 1471 l,
815 1411 843 1454 c.
855 1389 906 1472 38,
918 1413 948 1479 p.
960 1389 1025 1473 63).
1055 1388 1118 1456 Ces
1133 1391 1294 1480 peintures

80 1502 99 1568 a
120 1502 247 1591 {resque
269 1501 470 1568 subsistaicnt
492 1521 605 1564 encore
628 1498 670 1564 du
692 1508 794 1588 temps
818 1500 857 1566 de
872 1497 991 1565 Lucien
1004 1548 1010 1564 .
1024 1549 1031 1565 .
1045 1549 1072 1564 ..
1089 1498 1154 1582 (tib.
1167 1500 1189 1583 l,
1203 1523 1230 1567 c.
1240 1501 1294 1582 40,

78 1636 112 1703 p.
123 1613 188 1697 64).
232 1609 295 1676 Les
317 1609 450 1699 temples
475 1607 513 1673 de
535 1607 667 1675 l'amour
689 1631 729 1675 ne
751 1619 822 1676 sont
844 1632 902 1699 pas
925 1610 1130 1676 entibrement
1152 1609 1294 1692 ddtruits,

78 1721 110 1789 le
132 1719 249 1812 temple
271 1720 310 1785 de
331 1718 456 1787 tamine
480 1719 609 1785 n‘existe
632 1717 713 1808 plus,
736 1741 779 1785 ou
794 1719 837 1785 du
852 1720 955 1785 moins
969 1717 1099 1786 I’e'diiice
1116 1719 1168 1808 qui
1184 1719 1294 1787 me'rite

13 1903 15 1908 ,
78 1855 211 1902 cenom
233 1830 423 1920 pardessus
445 1839 518 1895 tous
545 1828 592 1896 les
615 1839 736 1909 autres,
763 1827 940 1897 I’Oreste'on
971 1851 989 1895 a
1017 1828 1088 1895 subi
1115 1827 1293 1897 l’inssexible

79 1941 121 2010 loi
145 1942 187 2008 du
210 1950 313 2028 temps
337 1947 397 2004 etc.
419 1948 479 2004 etc.

167 2050 217 2138 (L.
229 2048 252 2131 I,
269 2070 297 2115 e.
308 2050 361 2129 40,
378 2072 409 2138 p.
422 2049 486 2133 65.)
530 2047 593 2115 Les
617 2049 754 2138 Scythes
778 2048 960 2139 adoptbrent
981 2047 1028 2114 les
1051 2046 1173 2115 memes
1194 2049 1295 2117 maxi·

79 2185 161 2242 mes,
184 2159 221 2226 its
244 2160 440 2226 nommbrent
461 2157 586 2227 l‘amirie
608 2159 639 2226 ia
662 2160 814 2249 premibre
836 2158 875 2224 dc
898 2167 1001 2230 toutes
1023 2156 1070 2224 les
1093 2168 1200 2225 vertus

80 2273 117 2340 ils
144 2270 339 2361 regardaient
372 2266 402 2334 le
435 2268 552 2360 temple
581 2270 766 2336 d'Orsstdon
794 2292 920 2336 comme
953 2268 984 2334 la
1011 2267 1174 2337 meilleurc
1203 2267 1292 2337 ceole

78 2403 159 2472 pour
179 2379 264 2446 leurs
288 2379 405 2447 enfans·
456 2378 498 2446 Iis
526 2378 573 2446 les
595 2405 617 2469 y
639 2381 827 2470 envoyaient
852 2379 930 2447 dans
956 2378 1053 2468 l'aige,
1085 2401 1127 2445 ou
1153 2378 1200 2446 ies
1221 2402 1292 2471 prc-

79 2492 192 2558 mieres
230 2490 432 2577 impressione
467 2489 612 2557 de'cident
649 2514 784 2582 presque
822 2491 965 2579 toujours
997 2489 1041 2557 du
1073 2499 1157 2556 reste
1189 2491 1228 2561 dc
1260 2487 1292 2556 ia

79 2603 130 2668 vie
151 2610 210 2667 etc.
234 2608 292 2665 etc.

163 2708 271 2795 Quid?
293 2709 403 2776 ridetis
426 2711 479 2798 qui
500 2709 602 2799 legitis
626 2710 664 2777 de
687 2709 833 2801 operibus
856 2708 914 2776 illis
938 2710 1093 2793 tectoriis,
1123 2733 1204 2800 quae
1225 2709 1291 2778 Lu·

79 2822 159 2888 ciani
181 2822 274 2886 etiam
297 2829 400 2887 aetate
423 2819 602 2902 exstabant,
626 2821 664 2886 de
687 2822 840 2888 amicitiae
862 2819 1022 2886 academia
1045 2820 1239 2910 Scytharum
1260 2824 1290 2891 in

78 2932 214 2998 Taurica
237 2929 342 2998 terra?
363 2971 407 2981 -
436 2953 498 2997 non
523 2933 804 3023 transscripsissem
826 2931 922 3009 haec,
951 2931 1008 2997 nisi
1031 2931 1132 2997 multo
1154 2933 1291 3022 pruden-

77 3043 172 3109 tiores
199 3043 269 3122 viri,
303 3065 398 3130 quarn
424 3039 476 3106 ilie
499 3039 623 3107 Russus
654 3051 737 3123 erat,
771 3041 936 3107 Toxaridis
964 3040 1147 3129 scriptorem
1175 3051 1209 3109 ut
1230 3041 1291 3111 fids

79 3153 207 3243 dignum
230 3161 391 3218 auctorem
414 3152 512 3217 secuti
536 3160 649 3216 essent.

163 3261 263 3328 Porro
286 3261 480 3352 supplicandi
501 3283 570 3326 mos
594 3261 721 3350 quidum
737 3259 930 3348 Scytharum
952 3264 983 3330 in
1003 3262 1161 3340 Toxaride
1184 3268 1224 3346 (c.
1234 3265 1289 3349 48)

78 3372 276 3454 describitur,
311 3383 405 3462 atque
434 3372 527 3436 etiam
554 3372 638 3462 apud
665 3371 845 3455 Suidam³),
877 3375 965 3440 etin
1000 3374 1222 3464 appendicibus
1248 3374 1290 3443 ad

78 3482 208 3550 Zenobii
242 3483 407 3573 proverbia
440 3492 471 3548 et
504 3483 586 3573 apud
615 3481 706 3548 biich.
734 3481 934 3572 Apostolium
967 3483 1078 3551 similia
1113 3469 1291 3568 traduntur3

82 3617 158 3661 cum
182 3604 289 3659 autem
311 3592 391 3660 haec
414 3594 584 3660 conterenti
606 3593 736 3660 dubium
758 3617 830 3660 esse
852 3603 1002 3684 nequeat,
1025 3595 1098 3683 quin
1122 3619 1162 3662 ex
1183 3592 1292 3662 Toxa-

76 3704 143 3772 ride
167 3705 281 3771 Suidas
304 3727 362 3770 sua
384 3705 566 3793 sumpserit,
596 3727 638 3770 ex
659 3704 756 3771 Suida
780 3728 817 3771 ea
840 3727 857 3771 a
880 3707 986 3772 nescio
1010 3707 1135 3794 quoad
1160 3705 1292 3787 verbum

78 3837 182 3906 paene
203 3816 233 3881 in
256 3813 446 3904 appendices
470 3812 599 3881 Zenobii
622 3815 833 3906 transscripta,
856 3836 874 3880 a
898 3814 1167 3906 Michhpostoiio
1186 3826 1291 3883 autem

77 3923 186 4015 paullo
209 3934 328 3997 mutata
350 3926 429 3991 inter
452 3925 615 4015 proverbia
638 3948 697 3993 sua
719 3926 835 3992 inserta
858 3926 932 4006 sint,
953 3924 1075 3994 nullum
1096 3924 1291 4017 satrapen

75 4075 276 4095 ῃ--ι--σ-ι·

153 4141 171 4210 ι)
192 4144 232 4196 cf.
250 4143 342 4197 Neum.
361 4143 378 4194 1.
393 4160 415 4198 s.
434 4159 459 4210 p.
470 4139 622 4206 372-373,
640 4138 801 4207 tas-437,
826 4145 1031 4212 scriptoresque,
1051 4159 1117 4210 quos
1136 4145 1160 4195 is
1179 4149 1289 4196 commc-

77 4240 170 4286 morat.

151 4327 172 4392 ²)
199 4326 426 4378 Siestrzenoewior
452 4325 484 4376 de
502 4325 609 4377 Bohuss
632 4325 789 4392 archiepisc.
810 4327 952 4380 Mobilov.:
977 4327 1095 4379 Histoire
1107 4326 1149 4379 du
1166 4343 1292 4394 roysums

77 4415 112 4468 do
129 4415 157 4467 is
175 4412 341 4466 Chersoneso
359 4413 494 4478 Taurique
512 4413 623 4465 seconde
640 4413 738 4464 edition
757 4430 838 4466 revue
857 4415 896 4467 st.
914 4413 1090 4482 Petsrsbourg
1109 4410 1186 4467 1824.

154 4507 175 4577 ³)
194 4510 213 4574 1,
234 4505 311 4578 1347.
331 4509 360 4565 0.
380 4512 406 4559 ot
423 4509 457 4559 Ι).
476 4505 523 4561 cnr
540 4503 641 4579 βύρσης
659 4504 811 4568 ἐκαθέζετο.
