2856 4906
707 253 727 316 3

107 425 189 491 enim
224 423 372 489 arbitrum
407 423 585 487 certaminis
621 419 771 509 deligunt.
821 420 957 487 Prolatis
990 425 1083 513 igitur
1115 423 1154 487 ab
1188 434 1321 514 utroque

63 556 66 561 ·
108 535 244 623 quinque
259 535 432 598 amicorum
447 530 575 620 paribus
591 552 684 596 nemo
708 539 765 608 est,
789 532 841 619 qui
865 530 903 596 de
919 532 1046 596 victoria
1064 532 1222 598 arbitrium
1238 546 1320 623 agat.

106 646 148 708 At
175 663 248 708 cum
282 662 427 705 sermone
461 639 567 705 habito
602 639 679 704 alter
708 637 838 703 alterum
869 638 996 729 dignum
1026 664 1096 706 esse
1129 646 1321 732 cognoverit,

108 774 202 839 quem
224 750 280 814 sibi
304 754 438 815 amicum
456 752 634 836 coniungat,
656 749 713 837 ipsi
729 750 898 813 certamine
921 752 1038 815 omisso
1054 752 1221 817 amicitiam
1243 754 1321 819 inter

107 882 142 925 se
157 858 330 924 conciliant.
376 858 481 945 Quid?
515 880 618 924 nonne
639 856 701 922 hoc
715 868 844 947 pactum
864 868 929 923 tam
946 860 1126 938 absurdum,
1149 870 1213 926 tam
1229 886 1320 951 prae·

105 981 231 1060 postere
254 970 386 1049 lactum,
411 980 475 1035 tam
497 970 600 1056 inepte
622 968 740 1033 irritum
763 968 811 1047 fit,
836 979 870 1033 ut
891 968 941 1034 vel
970 969 1048 1035 haec
1076 970 1142 1035 sola
1166 973 1242 1036 satis
1265 972 1320 1036 de·

107 1088 294 1160 monstrent,
325 1077 485 1167 dialogum
509 1080 547 1141 de
577 1079 709 1142 amicitia
733 1099 794 1142 non
818 1099 889 1141 esse
913 1077 1057 1157 Luciani,
1086 1082 1136 1167 qui
1166 1084 1318 1159 acumine,

106 1188 272 1278 elegantia,
296 1187 460 1252 dicacitate
478 1184 681 1251 excelluerit?
715 1185 780 1251 Sed
797 1188 955 1273 quoniam,
978 1186 1062 1275 quod
1079 1190 1186 1270 sciam,
1201 1212 1319 1276 eorum,

106 1300 159 1387 qui
183 1295 235 1361 vel
257 1296 296 1360 de
312 1296 450 1362 Luciano
467 1297 665 1384 scripserunt,
690 1294 739 1360 vel
757 1317 850 1383 opera
875 1297 940 1360 eius
963 1295 1132 1379 ediderunt,
1155 1297 1318 1364 Bellienus

106 1416 138 1473 et
172 1408 291 1496 primus
323 1414 354 1470 et
389 1403 477 1469 solus
507 1405 658 1469 Toxarim
686 1404 844 1493 dialogum
875 1406 1031 1472 subditum
1061 1431 1131 1472 csse
1161 1408 1318 1489 intellexit,

105 1513 156 1582 alii
177 1537 254 1581 vero
277 1516 306 1580 in
329 1537 496 1580 numerum
520 1515 708 1601 optimorum
725 1512 854 1579 Luciani
876 1538 1007 1605 operum
1032 1540 1104 1583 eum
1121 1519 1234 1583 referre
1256 1541 1317 1584 non

105 1626 344 1703 dubitaverunt,
372 1624 412 1687 ita
438 1631 472 1687 ut
494 1616 730 1688 cum-omnium
753 1624 817 1690 fere
840 1627 1038 1714 saepissime,
1068 1636 1134 1691 tum
1157 1650 1317 1693 commen·

105 1736 189 1801 tariis
211 1735 240 1799 in
264 1756 357 1799 usum
373 1731 552 1799 scholarum
568 1736 739 1798 instructus
762 1734 801 1798 ab
825 1734 1002 1800 hominibus
1024 1736 1123 1802 doctis
1145 1737 1246 1802 editus
1269 1739 1317 1818 sit,

104 1844 144 1911 ad
169 1845 347 1933 augendam
370 1841 488 1909 scilicet
507 1865 679 1933 puerorum
700 1845 730 1908 in
755 1842 885 1910 Graecis
907 1844 1013 1910 litteris
1036 1846 1195 1911 scientiam
1224 1848 1315 1911 etad

105 1955 264 2043 ingenium
296 1975 405 2017 eorum
437 1954 710 2032 conformandum,
738 1954 851 2018 diutius
873 1956 903 2019 in
931 1957 1052 2044 ingrato
1080 1957 1204 2043 negotio
1229 1978 1316 2021 corn-

105 2064 219 2128 morari
242 2070 274 2126 et
296 2060 421 2148 dialogo
445 2061 606 2148 diligenter
628 2064 884 2151 recognoscendo
907 2064 1039 2153 probare
1062 2074 1197 2153 oportet,
1221 2088 1314 2153 quam

107 2170 236 2262 puerilia
265 2181 296 2236 et
322 2172 425 2259 inepta
455 2171 755 2235 narratiuncularum
786 2181 963 2238 commenta
991 2175 1066 2253 sint,
1094 2196 1190 2261 quam
1217 2176 1315 2238 oratio

106 2281 255 2371 perplexa
278 2292 310 2347 et
325 2304 433 2371 prava,
455 2281 609 2345 inlacetae
633 2290 664 2345 et
679 2280 833 2345 absurdae
849 2283 1029 2348 sententiae.
1074 2283 1177 2370 Atque
1192 2284 1234 2347 ita
1256 2283 1317 2348 hoc

105 2414 157 2457 me
179 2401 405 2457 exsecuturum
428 2412 498 2454 esse
522 2398 613 2478 puto,
641 2399 676 2454 ut
697 2411 790 2455 nemo
820 2391 900 2455 bene
925 2413 1021 2455 sanus
1045 2389 1155 2456 dehinc
1177 2390 1316 2471 Luciam,

105 2499 258 2589 elegantis
281 2501 449 2590 scriptoris,
472 2499 596 2563 nomine
617 2497 767 2563 Toxarim
791 2499 950 2588 dialogum
974 2499 1102 2589 dignum
1126 2501 1288 2565 existimet.

190 2609 379 2696 Priusquam
395 2619 499 2674 tamen
523 2609 562 2673 ad
578 2606 700 2696 singula
716 2610 970 2697 recognoscenda
990 2620 1125 2688 transeo,
1147 2611 1321 2699 generatim

105 2718 281 2798 dicendum,
305 2717 416 2807 quibus
432 2719 568 2783 maxime
590 2716 683 2782 rebus
698 2716 864 2783 Toxaridis
887 2720 1019 2807 scriptor
1033 2728 1207 2805 egestatem
1222 2727 1316 2807 atque

106 2829 293 2918 pravitatem
316 2828 429 2916 ingenii
456 2827 582 2915 aperiat.
634 2827 716 2892 Sunt
739 2849 815 2917 ergo
838 2828 918 2893 haec
944 2829 999 2892 tria
1021 2829 1219 2917 potissimum
1241 2828 1314 2892 vitia

104 2939 172 3004 cius
193 2938 332 3026 propria:
365 2938 395 3001 in
417 2935 607 3025 proferendis
624 2938 797 3002 amicorum
818 2937 942 3024 paribus
965 2936 1112 3026 pericula,
1136 2959 1216 3027 quae
1238 2935 1316 3001 alter

106 3069 164 3137 pro
187 3045 284 3112 altero
308 3044 385 3125 adit,
405 3045 448 3110 ita
472 3054 577 3134 auget,
598 3056 631 3110 ut
654 3068 701 3126 ea,
724 3068 806 3133 quae
827 3055 1003 3125 narrantur,
1026 3045 1111 3111 nullo
1133 3056 1227 3135 pacto
1250 3044 1314 3109 fieri

104 3157 244 3246 potuisse
268 3165 431 3244 appareat3
463 3154 572 3219 deinde
595 3155 790 3240 gravioribus
812 3155 853 3219 ita
871 3153 1041 3242 adiungere
1063 3153 1143 3218 levia
1167 3151 1257 3229 solet,
1280 3161 1315 3216 ut

104 3285 211 3330 rerum
234 3264 398 3352 descriptio
421 3265 522 3352 inepta
546 3266 599 3344 sit;
628 3271 694 3326 tum
718 3270 787 3341 aut,
815 3262 900 3351 quod
921 3264 1093 3352 pessimum
1115 3261 1315 3350 tautologiae,

105 3382 141 3439 ut
162 3374 204 3438 ita
228 3373 344 3454 dicam,
367 3395 466 3461 genus
490 3381 552 3451 est,
574 3394 811 3459 nonnumquam
834 3395 933 3437 unum
958 3351 1104 3459 idemque
1126 3380 1157 3436 et
1183 3392 1314 3435 causam

104 3486 148 3551 rei
164 3493 194 3549 et
208 3499 275 3548 rem
297 3484 398 3573 ipsam
422 3484 517 3570 ponit,
540 3490 594 3546 aut
615 3503 697 3569 quae
720 3481 793 3569 quid
816 3480 952 3547 efficiunt
972 3502 1045 3546 cum
1069 3481 1123 3559 eis,
1145 3502 1227 3567 quae
1249 3478 1315 3544 elfi-

106 3594 237 3671 ciuntur,
259 3592 428 3658 confundit.

151 3718 153 3723 ·
190 3700 244 3767 Sic
267 3724 293 3766 c.
311 3700 334 3766 l.
358 3707 403 3791 (p.
416 3702 476 3765 221
502 3703 581 3782 v.9)
618 3700 814 3787 lllneaippus,
847 3700 941 3787 „quid
973 3701 1173 3788 impetrare“‚
1207 3699 1316 3786 inquit,

105 3809 166 3889 „ab
188 3809 232 3873 eis
254 3809 306 3889 (ab
329 3809 442 3876 Oreste
465 3819 496 3875 et
518 3808 650 3897 Pylade)
680 3807 816 3898 cupitis?
852 3831 925 3874 nam
953 3808 1189 3875 benevolentiae
1218 3828 1315 3874 causa

106 3917 150 3983 eis
172 3937 235 3982 non
259 3917 444 4000 sacrificatis,
468 3941 541 3984 cum
565 3918 677 3983 mortui
699 3917 799 3998 sint“;
826 3927 858 3983 at
880 3940 983 3984 nonne
1005 3919 1055 4006 qui
1078 3917 1117 3982 ab
1142 3916 1238 3981 altero
1260 3914 1317 3980 ali·

106 4024 180 4115 quid
201 4047 258 4114 per
286 4023 400 4089 bonam
428 4028 560 4114 gratiam
587 4026 714 4115 adipisci
743 4026 863 4108 studet,
890 4026 1140 4094 benevolentiam
1170 4027 1236 4089 eius
1259 4027 1316 4091 sibi

106 4142 269 4225 comparet
291 4132 438 4220 oportet?
473 4137 515 4201 ita
539 4145 574 4202 ut
600 4134 728 4201 credere
756 4136 910 4225 quispiam
938 4144 1049 4224 queat,
1076 4137 1208 4224 gratiam
1232 4157 1315 4200 mor-

105 4253 231 4309 tuorum
260 4239 416 4308 conciliari
443 4264 551 4330 posse,
580 4244 661 4310 bona
685 4252 790 4308 autem
814 4243 853 4310 ab
877 4245 921 4309 cis
949 4245 1105 4333 impetrari
1127 4267 1189 4310 non
1211 4267 1315 4334 posse,

106 4351 248 4423 vecordis
271 4373 347 4416 vero
378 4351 511 4415 hominis
540 4353 578 4416 sit
606 4355 760 4442 cogitare,
789 4352 870 4418 bona
899 4352 1006 4419 abeis
1033 4354 1190 4442 impetrari
1212 4375 1316 4441 posse,

106 4461 239 4549 gratiam
272 4458 428 4528 conciliari
461 4481 522 4528 non
555 4480 665 4550 posse,
699 4461 784 4549 quod
816 4463 929 4528 mortui
964 4463 1038 4541 sint3
1079 4459 1191 4526 melius
1225 4463 1318 4547 igitur

100 4583 101 4586 ,
908 4580 911 4589 .
1079 4569 1127 4627 q,
