2856 4906
677 223 698 286 8

86 416 188 474 χοντα
207 395 268 460 τοῦ
289 389 456 472 κλύδωνος
478 393 595 458 rectius
614 392 671 458 dici
693 390 819 486 videm
835 388 932 479 μόγις
955 389 1074 463 ἑαυτὸν
1093 388 1325 484 ὑπερέχοντα

189 503 245 570 καῖ
266 501 476 592 πνιγόμενον,
500 513 531 569 et
552 527 608 593 pro
629 505 718 591 σφᾶς
741 501 779 570 δὲ
800 498 981 586 ἐπιθυμεῖν
1001 503 1061 586 ’μὲν
1083 500 1202 584 αὐτοῖς
1226 512 1325 596 βοη-

88 616 167 678 θεῖν
188 614 245 680 καὶ
266 614 369 683 ἐλεεῖν
382 615 442 703 την
457 613 633 704 συμφορὰν
648 615 715 679 τῶν
730 607 868 699 ἀνδρῶν,
883 612 928 700 μη
946 610 1116 680 δύνασθαι
1132 614 1173 680 δέ
1173 663 1306 691 .....
1307 616 1326 643 ”

88 720 288 790 scribendum
316 736 382 791 erat
403 721 544 815 opogo'
577 723 681 791 ἐλεεῖν
708 723 768 811 την
789 723 964 813 συμφορὰν
990 726 1056 789 τῶν
1085 717 1223 812 ἀνδρῶν
1256 727 1325 796 καὶ

88 828 272 916 ἐπιθυμεῖν
291 836 350 919 μὲν
374 833 487 915 αὐτοῖς
507 838 664 921 βοηθεῖν,
685 832 730 921 μη
754 829 925 900 δύνασθαι
949 832 996 914 δέ,
1139 856 1207 913 „se
1234 859 1325 902 vero

89 940 256 1007 miseratos
279 967 388 1011 casum
411 946 570 1011 bominum
587 944 726 1008 voluisse
750 943 873 1030 quidem
891 941 1039 1007 auxilium
1059 943 1147 1021 terre,
1171 944 1328 1011 sednon

89 1051 261 1135 potuisse“.

180 1159 244 1227 Sed
273 1176 307 1230 ut
339 1168 377 1231 ad
410 1169 528 1232 initium
557 1163 671 1252 dialogi
700 1163 825 1227 redeam
854 1172 949 1250 atque
975 1161 1091 1248 reliqua
1121 1183 1159 1224 co
1188 1163 1327 1241 ordine,

91 1289 157 1354 quo
175 1284 247 1336 sunt
272 1277 421 1362 exposita,
450 1295 663 1364 percenseam,
690 1273 823 1360 primurn
847 1273 876 1335 in
899 1271 992 1359 capl
1014 1273 1144 1353 (22t,7)
1168 1282 1252 1359 post
1278 1271 1327 1342 οὐ

89 1374 195 1459 μόνον
218 1384 393 1450 addendum
410 1396 475 1451 erat
496 1381 605 1462 θύειν,
627 1404 682 1471 pro
698 1384 845 1465 τιμῶμεν
867 1391 972 1444 autem
986 1385 1087 1463 τιμοῖν
1102 1379 1324 1450 scribendum

92 1498 169 1567 erat,
198 1502 252 1557 aut
273 1505 358 1559 certe
381 1497 442 1560 boc
465 1518 505 1559 ex
528 1491 754 1560 consuetudine
777 1489 890 1555 Graeci
914 1492 1064 1555 sermonis
1090 1489 1155 1555 lieri
1179 1503 1323 1579 oporte·
1392 1510 1395 1537 ²

91 1595 155 1674 bat,
178 1600 219 1664 ita
243 1612 277 1667 ut
291 1604 457 1669 infinitivus
481 1605 722 1677 asubstantivo,
745 1598 829 1687 quod
847 1608 894 1664 est
907 1595 1021 1681 νόμος,
1044 1599 1209 1687 penderet,
1233 1622 1319 1667 nam

92 1726 167 1770 cum
191 1711 219 1773 in
243 1714 499 1800 praecedentibus
521 1715 616 1778 verba
639 1711 697 1777 καὶ
714 1705 856 1796 ἀνδράσι
880 1718 1070 1796 premantur,
1093 1707 1268 1774 adducitur
1293 1715 1324 1778 is

92 1817 145 1900 qui
170 1815 253 1906 tegit,
275 1831 310 1885 ut
333 1823 373 1888 ad
396 1824 489 1889 verba
514 1819 554 1890 οὗ
575 1817 678 1906 μόνον
699 1843 740 1884 ex
757 1819 1010 1885 antecedentibus
1033 1840 1129 1883 voces
1150 1824 1227 1900 τοῖς
1252 1818 1321 1889 οῖν-

91 1920 212 2009 δροῖσιν
227 1930 399 2019 intellegat3
424 1935 461 1998 ct.
475 1930 584 1999 cXLl
598 1933 681 2012 (240,
699 1933 757 2012 19),
774 1928 823 1993 ubi
841 1926 978 1993 similiter
993 1923 1033 1995 οὗ
1047 1922 1207 2010 μόνον-
1220 1926 1324 2002 ἀλλὰ

90 2031 149 2097 καὶ
171 2032 308 2119 ἕκαστος
331 2040 436 2129 paullo
460 2041 565 2107 durius
589 2040 668 2105 dicta
694 2047 773 2103 sunt.

180 2141 301 2213 Deinde
322 2173 348 2214 c.
362 2149 387 2214 ll
405 2152 495 2231 (221,
515 2153 572 2233 to)
597 2151 740 2214 dicuntur
761 2147 889 2212 Orestes
919 2158 949 2211 et
970 2145 1107 2234 Pylades
1135 2168 1151 2208 a
1177 2146 1326 2236 Scythis

90 2256 310 2339 comprehensi
334 2258 446 2325 abduci
470 2269 504 2323 ut
525 2257 738 2336 immolentur,
766 2267 797 2321 et
818 2267 923 2321 tamen
945 2258 974 2319 in
998 2255 1133 2321 carceris
1157 2262 1326 2330 custodes

86 2359 238 2428 invadere
261 2365 478 2453 (ἐπιθέμενοι
499 2374 570 2447 τοῖς
592 2362 866 2454 ὄεσμοφύλαξιν),
890 2367 979 2451 quasi
1001 2367 1031 2428 in
1055 2364 1188 2429 vinculis
1213 2371 1300 2436 sint:
1414 2433 1421 2462 ,

156 2480 223 2536 tum
236 2478 364 2542 ubertas
376 2478 542 2544 verborum
561 2501 586 2542 c.
600 2477 668 2540 eod.
681 2473 915 2563 (221,19-21))
928 2473 1129 2557 ἐπιθέμενοι
1143 2481 1217 2556 τοῖς
1233 2482 1323 2550 δεσ-
1418 2503 1419 2508 ’

82 2575 262 2662 μοφύλαξι
289 2587 348 2652 καὶ
375 2591 434 2674 τῆς
467 2591 615 2676 φρουροῖς
644 2582 924 2672 ἐπικρατήσαντες
952 2585 1082 2649 orationi
1110 2606 1171 2648 non
1202 2584 1322 2658 lucem
1394 2658 1398 2675 Ε

83 2684 186 2765 affert,
209 2692 265 2756 sed
290 2693 436 2760 tenebras
461 2698 603 2776 offundit,

153 2806 231 2863 tum·
244 2825 271 2864 c.
291 2805 362 2883 eod.
382 2806 476 2890 (221,
493 2808 549 2892 21)
574 2798 956 2871 νει·1)υκαὶτούνκεῧθεν
973 2800 1069 2870 αὐτοὶ
1083 2803 1169 2892 πρὸς
1183 2806 1227 2873 τὰ
1245 2836 1323 2881 πα·

80 2898 168 2972 λαιὰ
191 2915 352 2976 σκοπεῖτε
377 2915 430 2975 vix
452 2914 586 3001 intellegi
611 2923 756 3001 possunt,

149 3015 286 3106 denique
302 3044 330 3084 c.
345 3022 415 3086 eod.
429 3024 516 3108 (221,
532 3024 588 3110 26)
611 3022 703 3087 baec:
726 3019 802 3104 ἐμοὶ
820 3022 881 3104 μὲν
897 3021 959 3110 γὰρ
976 3026 1104 3092 δοκεῖτε
1119 3023 1246 3110 τάχιστ’
1274 3031 1323 3102 ἂν

74 3114 187 3202 οὕτως
209 3123 349 3210 ἀσεβεῖς
373 3127 472 3197 αὐτοὶ
492 3132 550 3198 καὶ
571 3126 674 3196 ιῖθεοι
699 3130 863 3213 γενέσθαι
887 3160 916 3199 κ.
939 3159 968 3200 τ.
993 3137 1022 3200 l..
1051 3138 1183 3226 ineptias
1206 3144 1319 3230 potius

74 3243 176 3308 quarn
199 3234 339 3301 facetias
365 3245 534 3304 continent.
1388 3334 1391 3343 Ι

88 3356 91 3361 ·
163 3338 198 3403 ln
224 3345 319 3406 tertio
345 3356 455 3410 autem
473 3351 574 3434 capite
596 3349 684 3433 (222,
699 3347 733 3432 4)
757 3347 851 3411 verba
877 3346 937 3416 dria
959 3346 1057 3431 ὄντας
1073 3380 1239 3445 perperam
1258 3377 1320 3434 aut

71 3452 163 3508 certe
186 3447 329 3513 obscure
354 3438 445 3516 dicta
463 3466 551 3534 sunt,
581 3452 641 3522 δύο
666 3449 757 3532 ὅντες
780 3458 861 3519 enim
885 3480 997 3542 perse
1021 3476 1222 3548 opponuntur
1244 3479 1321 3559 uni3

70 3556 192 3616 utnon
218 3558 327 3642 magis
353 3569 422 3622 erat
445 3562 661 3625 admirandum
691 3564 714 3623 si
740 3567 801 3624 duo
824 3565 853 3625 in
879 3563 1033 3644 Pontum,
1061 3591 1147 3634 mare
1171 3575 1321 3661 incogni.

73 3660 143 3718 tum
168 3658 226 3723 sibi
253 3672 356 3748 atque
381 3667 499 3730 infame
515 3671 751 3756 navigaverunt,
775 3691 870 3754 quam
894 3672 917 3733 si
942 3695 1022 3735 unus
1044 3675 1074 3737 id
1091 3677 1196 3744 facere
1219 3693 1320 3755 susti.

67 3764 200 3825 nuisset.
249 3765 408 3833 Fortasse
437 3775 532 3860 igitur
554 3778 648 3838 verba
673 3772 734 3840 driu
758 3768 856 3853 ὄντας
879 3775 940 3843 boc
963 3778 1035 3845 loco
1064 3787 1148 3853 ditos
1177 3801 1319 3868 amram

69 3866 269 3950 significant,
305 3876 582 3967 neglegenterque
617 3903 671 3969 pro
704 3878 764 3946 driu
796 3880 921 3963 μόνους
954 3889 1022 3968 (νε1
1055 3894 1178 3988 μόνον)
1213 3897 1319 3994 ὄντας

68 3970 185 4054 scripta
212 3987 301 4040 sunt.

155 4074 287 4144 Deinde
312 4086 343 4148 in
368 4089 428 4168 his,
454 4117 537 4178 quae
562 4105 733 4185 sequuntur
749 4098 835 4181 (222,
848 4103 947 4191 7-8)
969 4110 1014 4197 μὴ
1037 4119 1320 4213 mammae

66 4177 151 4266 μήτε
182 4185 268 4261 τοὺς
296 4189 439 4274 μύθους
462 4202 543 4280 τοὺς
566 4201 617 4270 ἐπ’
644 4201 746 4294 αὐτῷ,
770 4204 855 4294 μήτε
877 4215 937 4304 τὴν
959 4224 1186 4310 προσηγορίαν
1208 4258 1319 4306 κατα.

66 4282 261 4368 δείσαντας,
289 4317 368 4361 cum
384 4305 432 4390 μη
452 4315 729 4399 καταπλαγέντας
745 4317 782 4379 ad
801 4328 967 4414 utramque
986 4341 1105 4417 partem
1121 4336 1320 4432 adiunctam,

65 4388 103 4448 ad
120 4393 211 4470 ’τούς
235 4394 378 4483 μύθους
408 4422 441 4476 et
473 4418 514 4481 ad
537 4423 597 4511 τὴν
619 4423 843 4515 προσηγορίαν
872 4435 1068 4505 referendum
1098 4445 1150 4523 sit,
1177 4452 1319 4525 verbum
