2856 4906
684 225 730 303 8'3

190 405 313 476 Deinde
341 427 382 474 ex
404 425 458 488 eo,
492 403 577 495 quod
599 401 707 471 Dinias
734 407 766 472 in
788 401 910 472 ltaliam
932 403 1048 470 missus
1070 423 1143 469 esse
1164 411 1318 483 narratur,

104 517 227 585 videtur
253 517 381 608 quidem
412 515 511 583 conici
536 537 648 605 posse,
679 515 863 605 scriptorem
897 523 1065 603 antequam
1094 511 1318 580 Constantino·
1399 509 1405 522 “

104 627 185 720 polis
208 627 400 694 domicilium
414 626 531 717 imperii
548 627 630 692 lacta
647 625 686 690 sit
697 626 821 705 vixisse,
844 625 916 714 quia
931 633 1043 716 postca
1060 645 1184 690 reorum
1202 645 1319 690 causae

105 739 168 805 iam
195 760 259 805 non
283 738 416 805 Romam
444 734 659 817 mittebantur;
692 734 747 801 sed
776 735 924 824 quoniam
947 732 1056 800 Dinias
1084 735 1152 824 ipse
1181 733 1318 801 Romam

107 849 223 914 missus
245 870 316 914 esse
333 847 467 937 lingitur,
491 869 564 914 cnm
579 867 641 913 non
663 846 722 936 ipsi
738 846 781 912 rei
795 843 1005 936 provinciales
1018 843 1073 910 sed
1090 865 1207 912 causae
1223 865 1320 933 quae·

108 957 181 1025 dam
204 980 313 1026 eorum
328 957 466 1025 Romam
487 957 566 1023 mitti
589 955 767 1039 solerent¹),
790 964 824 1021 ut
845 978 901 1045 per
922 955 1143 1046 imperatorem
1166 955 1319 1022 sententia

109 1066 360 1159 apraesidelata
382 1077 450 1135 rata
472 1068 572 1149 lieret,
595 1088 700 1155 neque
722 1064 879 1131 diiudicari
901 1074 1016 1156 potest,
1035 1074 1142 1131 utrum
1164 1066 1194 1131 in
1219 1087 1255 1131 ea
1277 1087 1320 1146 re,

109 1200 190 1268 quae
219 1178 404 1268 aequalibus
431 1175 556 1268 quidem
587 1174 712 1243 illorum
734 1185 929 1266 temporum,
961 1176 1073 1266 quibus
1095 1173 1209 1242 Roma
1228 1174 1319 1242 sedes

106 1289 226 1378 imperii
241 1297 316 1369 erat,
338 1288 500 1354 notissima
523 1310 594 1353 esse
616 1285 759 1367 debebat,
781 1290 913 1376 scriptor
936 1286 1093 1369 erraverit,
1115 1309 1155 1352 an
1178 1295 1213 1352 ut
1235 1287 1320 1377 Aga·

108 1395 221 1464 theclis
255 1421 371 1488 magna
402 1398 432 1464 in
465 1398 603 1465 amicum
638 1394 855 1463 benevolentia
890 1397 984 1462 etiarn
1015 1419 1055 1463 ex
1083 1419 1120 1462 eo
1151 1396 1321 1487 patefieret,

110 1507 194 1598 quod
216 1509 353 1576 amicum
373 1509 405 1574 in
427 1505 549 1574 ltaliam
573 1507 739 1574 comitatus
762 1516 860 1590 esset,
893 1530 961 1574 rem
990 1505 1134 1574 consulto
1162 1508 1205 1574 ita
1233 1529 1321 1574 com·

108 1627 234 1686 meatus
258 1619 307 1702 sit,
328 1640 368 1685 ne
391 1641 430 1684 ex
453 1617 514 1685 bac
537 1618 662 1709 quidem
677 1641 710 1685 re
725 1616 830 1707 colligi
852 1625 966 1708 potest,
990 1626 1045 1683 aut
1067 1640 1141 1685 eum
1163 1626 1235 1684 aute
1250 1639 1321 1684 mu-

110 1738 208 1797 tatam
230 1731 348 1821 imperii
370 1728 478 1796 sedern
507 1739 561 1795 aut
582 1739 693 1820 postea
715 1729 827 1811 luisse3
860 1729 1044 1819 praesertim
1069 1752 1156 1810 carm,
1184 1727 1214 1795 id
1237 1727 1321 1818 quod

108 1841 171 1908 iam
200 1863 294 1932 supra
322 1841 511 1922 memoravi,
545 1842 638 1906 etiam
669 1841 848 1930 posterioris
884 1841 993 1906 aetatis
1028 1841 1160 1933 scriptor
1186 1861 1252 1907 rem
1279 1839 1322 1904 ita

34 2025 56 2043 ό
110 1949 227 2040 lingere
248 1953 392 2041 potuerit,
414 1953 503 2040 quasi
524 1953 627 2041 priore
649 1959 790 2038 tempore
813 1953 977 2018 evenisset.

194 2057 267 2125 Non
295 2061 396 2150 magis
424 2061 550 2139 exeis,
584 2082 666 2149 quae
694 2059 733 2125 de
753 2058 999 2126 Massiliensibus
1025 2060 1202 2142 traduntur,
1236 2059 1322 2149 quic-

113 2191 208 2258 quam
234 2171 414 2260 investigari
436 2178 548 2261 potest.
604 2169 895 2235 Statuamus'enim
917 2193 1028 2236 verum
1052 2193 1137 2252 esse,
1171 2170 1254 2258 quod
1284 2169 1322 2236 de

111 2281 251 2347 instituto
274 2303 383 2347 eorum
405 2281 559 2362 tradatur,
586 2280 680 2371 idque
703 2280 886 2369 scriptorem
909 2289 1072 2370 expertum
1096 2281 1225 2361 referre,
1254 2289 1322 2345 tum

86 2455 89 2459 .
112 2389 238 2479 quidem
260 2389 291 2456 id
311 2391 448 2480 primum
471 2388 577 2481 colligi
599 2391 708 2481 possit,
730 2397 802 2456 ante
818 2397 943 2455 sextum
959 2389 1123 2457 saeculum
1139 2391 1322 2480 scriptorem

112 2501 217 2582 luisse,
240 2500 326 2590 quod
349 2509 490 2569 extremo
513 2502 621 2590 quinto
638 2499 775 2566 Massilia
798 2499 946 2566 aGothis
968 2502 1100 2566 subacta
1123 2501 1214 2585 estt),
1235 2499 1323 2589 Aga·

112 2608 257 2700 thiasque
291 2612 344 2700 qui
372 2620 463 2678 sexto
490 2609 618 2678 saeculo
652 2611 708 2677 luit
742 2609 781 2676 de
803 2611 930 2677 mutatis
956 2609 1145 2702 reipublicae
1177 2610 1322 2676 institutis

113 2723 251 2811 queritur
259 2724 293 2809 ³).
337 2720 461 2790 Deinde
483 2744 557 2790 cum
578 2743 681 2811 usquc
703 2719 743 2786 ad
765 2717 842 2787 illud
864 2730 989 2813 tempus
1013 2719 1096 2811 apud
1111 2717 1322 2787 Massilienses

186 3018 205 3081 ¹)
225 3019 292 3071 Geib
311 3018 455 3084 (Rbmisch.
467 3018 668 3072 Criminalreaht
685 3017 872 3086 paee-491)
891 3019 966 3070 docet
983 3018 1047 3081 illis,
1067 3016 1215 3085 dequibus
1234 3021 1323 3087 agitur

114 3105 288 3170 temporibus,
309 3109 397 3159 omnia
414 3109 532 3158 facinora
549 3109 588 3160 ibi
606 3107 719 3159 iudicari
738 3105 873 3171 debuisse,
900 3106 948 3158 ubi
971 3105 1111 3156 commissa
1128 3105 1227 3156 fuerint
1244 3111 1323 3172 atque

115 3207 173 3242 raro
191 3197 293 3243 tantum
312 3195 339 3244 in
359 3210 390 3245 ea
406 3194 486 3260 urbe,
513 3196 542 3246 ln
565 3211 618 3262 qua
642 3212 702 3247 reus
722 3195 885 3247 domicilium
908 3193 1045 3257 habuerit,
1069 3192 1199 3244 iudicium
1223 3197 1323 3245 factum

116 3292 191 3357 βεδε.7
221 3277 296 3340 Quod
315 3287 402 3332 autem
419 3283 535 3350 relegare
553 3285 659 3349 quidem
684 3289 710 3335 et
730 3281 838 3350 (pdiss)
858 3283 993 3349 deportare
1017 3283 1046 3332 in
1069 3281 1171 3343 locum,
1200 3281 1247 3346 qui
1269 3295 1322 3331 non

115 3365 200 3430 ipsius
221 3369 371 3432 provinciae
389 3376 472 3433 esset,
496 3371 611 3438 praesidi
629 3388 682 3423 non
700 3371 791 3436 licuit,
810 3371 954 3422 verisimile
972 3375 1025 3433 est,
1050 3370 1073 3421 si
1093 3371 1153 3434 quis
1171 3384 1187 3418 a
1204 3367 1324 3433 praeside

115 3454 259 3522 inlocum,
279 3458 325 3522 qui
343 3473 396 3508 non
415 3459 499 3525 ipsius
519 3465 588 3512 esset
606 3459 759 3525 provinciae
777 3459 910 3525 relegatus
927 3457 972 3509 vel
990 3456 1140 3523 deportatus
1159 3456 1203 3519 sit,
1222 3454 1255 3506 ab
1275 3453 1322 3505 illo

114 3556 226 3610 poenam
250 3545 378 3596 decretam
403 3546 436 3598 ab
461 3548 616 3614 imperatore
639 3563 701 3598 vero
727 3545 814 3598 locum
838 3541 1002 3613 assignatum
1025 3559 1096 3607 esse;
1123 3549 1153 3595 ut
1175 3543 1322 3610 praefectus

115 3630 189 3683 urbis
207 3633 343 3700 relegandi
362 3634 566 3701 deportandiqne
585 3637 613 3686 in
631 3636 745 3686 insulam
765 3651 843 3700 qnam
861 3635 1001 3700 imperator
1019 3633 1168 3698 assignavit
1188 3631 1323 3681 licentiam

115 3719 218 3771 habuit.
239 3721 399 3782 (invernizzi
417 3721 448 3771 de
465 3720 580 3787 publicis
600 3728 626 3773 ot
645 3722 828 3774 criminalibus
846 3722 953 3774 iudiciis
972 3716 1158 3785 p.53,v.12.)
1188 3719 1275 3784 Atque
1293 3723 1323 3770 ut
1388 3775 1394 3786 ⁸

115 3823 149 3858 ne
167 3807 270 3872 aliquid
286 3810 438 3876 neglexisse
455 3809 554 3875 videar,
572 3810 627 3862 huc
644 3811 720 3878 parvi
739 3810 810 3877 quod
828 3815 868 3860 est
885 3807 1010 3859 momenti
1032 3805 1112 3857 addo:
1139 3805 1210 3871 quod
1228 3805 1325 3856 dicitur

114 3893 276 3961 Agathocles
289 3897 368 3948 simul
382 3912 443 3949 cum
455 3898 539 3950 emico
558 3897 597 3954 eis
614 3892 644 3948 rb
664 3891 838 3966 δικαστήριον
850 3897 965 3959 venisse,
984 3908 1045 3944 cum
1064 3886 1238 3962 δικαστήριον
1255 3891 1325 3944 nibil

115 3981 190 4034 eliud
208 3983 243 4033 sit
261 3983 315 4032 nisi
332 3983 475 4049 iudicium,
503 3999 556 4037 non
574 3990 643 4037 recte
662 3985 748 4036 conici
766 3990 864 4051 potest,
889 3982 941 4032 boc
963 3980 1094 4032 vocabulo
1114 3979 1259 4046 significari
1277 3985 1324 4031 eut

115 4069 257 4121 eonsilium
280 4069 350 4134 quod
373 4071 406 4122 ab
424 4072 559 4125 Hadriano
582 4072 732 4125 ordinatum
754 4076 925 4137 certansque
950 4068 983 4119 ad
1000 4066 1180 4119 Alexandrum
1199 4069 1324 4118 Severum

115 4156 260 4223 permansit
280 4155 367 4221 (Geib,
385 4157 403 4207 l.
415 4175 438 4208 a.
449 4174 473 4224 p.
484 4158 546 4225 428)
565 4167 611 4212 ant
629 4158 815 4212 consistorium
834 4155 904 4223 quod
921 4156 1002 4208 huius
1021 4156 1127 4209 consilii
1146 4170 1240 4205 nomen
1258 4154 1324 4205 Dio·

116 4242 228 4295 cletiano
246 4243 400 4310 imperatore
419 4253 482 4298 erat.
519 4247 606 4312 (Goib,
624 4249 644 4300 l.
655 4265 679 4298 a.
689 4262 715 4312 p.
725 4244 797 4308 691.)

189 4335 308 4399 ²)Gron.
327 4333 395 4387 thes.
415 4335 496 4400 antiq.
515 4334 607 4386 Gracc.
627 4330 797 4399 (chdreicb)
811 4348 836 4399 p.
847 4328 926 4386 3004.
954 4330 1048 4384 Fabre:
1067 4328 1185 4382 Histoire
1203 4326 1235 4378 de
1253 4325 1323 4380 Mer·

116 4423 190 4478 seille
208 4421 304 4487 I,182.

190 4508 209 4573 ³)
230 4509 358 4578 agathias
371 4508 424 4575 1,2
441 4509 494 4564 νῦν
512 4507 542 4570 ἔξ
552 4504 709 4576 Ἑλληνίδος
727 4506 785 4561 ἐστὶ
802 4503 964 4577 βαρβαρική,
981 4505 1031 4574 τὴν
1048 4503 1103 4574 γὰρ
1122 4498 1237 4573 πάτριον
1251 4499 1323 4556 ἀπο-

562 4599 569 4630 Ι
598 4601 599 4607 ’
1090 4598 1138 4657 Q*
