2856 4906
718 188 761 256 86

135 383 175 426 ex
202 358 249 424 his
276 356 351 423 solis
380 357 510 425 inveniri
536 352 657 447 potest,
688 359 743 426 sed
766 357 888 426 collatis
910 358 969 440 eis,
1002 379 1085 448 quae
1107 356 1156 424 alii
1178 356 1239 424 fide
1265 357 1351 450 digni

136 470 304 559 scriptores
326 468 365 535 de
389 467 506 534 eisdem
528 466 622 535 rebus
645 469 844 558 scripserunt.
888 467 980 553 Quae
1003 489 1079 559 ergo
1103 490 1122 534 a
1149 469 1350 559 scriptoribus

134 577 374 668 neglegentibus
397 601 567 669 rerumque
588 579 693 646 insciis
716 577 791 644 solis
815 577 926 644 tradita
949 588 1036 661 sunt,
1060 601 1097 645 ea
1119 577 1219 644 multo
1242 580 1352 646 verisi-

137 687 240 756 milius
258 688 400 756 estlalsa
417 710 598 778 essequam
613 710 698 753 vera.
730 687 821 772 Quae
836 708 912 753 vero
929 688 967 755 ab
992 686 1106 778 aliquo,
1129 688 1182 777 qui
1201 711 1251 754 res
1274 710 1354 758 con·

135 797 218 866 sulto
231 800 369 866 ementiri
384 797 473 880 solet,
486 798 571 863 solo
582 796 694 864 tradita
706 805 787 879 sunt,
799 819 836 862 ea
849 796 1038 887 plerumque
1049 819 1177 887 prorsus
1189 796 1268 864 falsa
1282 822 1353 866 esse

136 907 350 975 statuendum:
374 919 446 974 sunt
459 918 565 975 autem
584 930 620 973 ea
639 929 877 996 nonnumquam
890 929 975 973 mera
994 907 1144 997 opinionis
1162 917 1353 992 commenta,

134 1017 289 1084 interdum
310 1042 385 1086 vera
408 1040 535 1109 quoque
559 1018 679 1084 detorta
700 1018 731 1083 in
752 1017 796 1083 cis
817 1018 931 1098 insunt,
954 1017 1124 1107 exquibus
1146 1014 1252 1106 aliqua
1272 1028 1353 1084 tem·

136 1149 247 1216 porum
279 1130 309 1194 in
338 1128 451 1218 quibus
484 1129 659 1218 composita
692 1137 764 1193 sunt
793 1125 960 1193 similitudo
989 1125 1108 1208 elucet,
1141 1149 1224 1216 quae
1245 1135 1353 1197 tamen

135 1238 315 1328 investigari
337 1239 380 1306 ita
403 1248 525 1305 tantum
548 1247 653 1304 certe
674 1246 789 1328 potest,
811 1237 837 1302 si
860 1246 946 1302 aetas
963 1260 1026 1326 qua
1047 1236 1139 1304 fictae
1160 1238 1352 1305 narrationes

136 1351 330 1438 compositae
364 1360 436 1416 sunt
464 1358 538 1416 nota
567 1359 623 1415 cst.
679 1347 742 1430 Qui
768 1348 861 1434 igitur
887 1370 938 1413 res
968 1370 986 1413 a
1016 1347 1216 1437 scriptoribus
1243 1347 1353 1439 negle-

136 1458 282 1548 gentibus
310 1484 479 1551 rerumque
506 1482 569 1526 non
596 1459 671 1524 satis
705 1458 812 1546 peritis
840 1455 958 1523 creduli
992 1458 1166 1547 accipiunt,
1198 1481 1352 1550 persaepe

138 1566 304 1652 falluntur,
339 1572 393 1660 qui
421 1594 439 1636 a
465 1567 670 1636 mendacibus
699 1566 901 1657 scriptoribus
930 1576 1071 1634 narratas
1092 1589 1142 1632 res
1165 1590 1256 1634 veras
1280 1591 1351 1636 esse

139 1677 289 1763 credunt,
319 1680 469 1747 falluntur
490 1701 591 1770 paene
614 1700 746 1768 semper.
791 1676 933 1761 Quorum
957 1675 1124 1744 credulitas
1147 1677 1356 1746 etiamsinon

139 1786 297 1856 laudanda
321 1800 378 1873 est,
398 1800 503 1857 tamen
525 1787 624 1854 multo
648 1788 762 1853 rectius
784 1787 915 1868 iaciunt,
939 1809 1035 1876 quam
1057 1789 1099 1870 ei,
1122 1790 1173 1878 qui
1195 1812 1236 1854 ex
1258 1789 1357 1856 rebus

138 1921 220 1988 quae
249 1923 267 1966 a
296 1899 533 1991 neglegentibus
562 1906 617 1963 aut
638 1896 842 1964 mendacibus
866 1897 1066 1988 scriptoribus
1089 1900 1264 1965 referuntur
1293 1897 1357 1967 alia

140 2010 295 2097 quaedam
318 2011 485 2103 colligunt,
513 2032 595 2099 quae
618 2018 649 2075 et
671 2008 785 2074 horum
807 2008 1033 2075 narrationibus
1053 2017 1229 2099 repugnant
1251 2031 1358 2099 neque

138 2141 214 2185 cunr
237 2124 295 2203 eis,
319 2145 401 2211 quae
424 2130 584 2202 constant,
608 2128 795 2208 congruunt.
839 2117 873 2185 ln
896 2117 943 2185 nis
966 2120 1139 2209 generatim
1160 2118 1356 2210 exponendis

30 2239 37 2254 ·
140 2235 205 2294 tarn
227 2229 344 2321 longus
367 2233 420 2314 lui,
443 2254 483 2299 ne
506 2231 620 2312 omnia,
641 2253 724 2320 quae
747 2253 765 2296 a
789 2229 895 2296 multis
918 2232 1093 2298 coniectata
1109 2239 1191 2312 sunt,
1213 2228 1356 2321 singilla-

139 2338 194 2404 tim
216 2341 358 2410 refellere
381 2365 489 2431 cogar.

225 2447 269 2516 Ut
301 2474 377 2519 vero
413 2452 452 2518 ad
487 2451 609 2542 singula
648 2451 889 2542 pervestiganda
927 2452 1109 2543 aggrediar,
1148 2462 1253 2519 narrat
1288 2451 1356 2519 To-

86 2600 88 2603 ·
140 2558 256 2625 xaridis
302 2564 447 2652 scriptor,
495 2559 693 2628 Demetrium
739 2562 926 2629 Suniensem
971 2562 1230 2650 (Atheniensem,
1279 2586 1356 2631 nam

138 2666 281 2739 Σούνιον
301 2671 422 2738 Atticus
446 2675 552 2762 δῆμος
573 2673 762 2761 vocabatur)
787 2695 845 2738 suo
868 2682 1010 2762 tempore
1031 2673 1061 2739 in
1077 2672 1259 2762 Aegyptum
1281 2694 1357 2764 pro-

141 2780 259 2846 fectum
289 2805 360 2848 esse
382 2791 477 2870 atque
499 2782 569 2849 inde
592 2782 632 2848 ad
655 2781 872 2850 Brachmanas
895 2784 989 2848 ivisse
1013 2803 1049 2847 eo
1073 2769 1227 2865 oonsilio,¹
1256 2793 1292 2850 ut
1315 2809 1356 2852 ex

142 2899 206 2954 tota
238 2891 413 2957 narratione
445 2893 566 2957 videtur
594 2891 699 2981 colligi
722 2915 830 2982 posse,
853 2901 889 2957 ut
910 2892 950 2957 ibi
973 2900 1128 2972 maneret,
1151 2895 1224 2980 quia
1244 2904 1354 2961 >autern

140 2999 179 3066 de
206 2998 369 3066 Demetrio
401 3002 510 3092 cynico
535 3002 717 3067 Suniensi
752 3025 770 3067 a
803 3000 890 3067 nullo
923 3002 1092 3091 quicquam
1125 3001 1271 3070 traditum
1306 3006 1356 3088 sit,

137 3109 280 3176 homines
298 3111 379 3177 docti
391 3113 430 3203 ¹),
460 3112 546 3179 hunc
567 3133 629 3178 non
651 3109 838 3178 Suniensem
868 3112 923 3178 sed
946 3109 1141 3179 Corinthium
1169 3114 1263 3179 luisse
1286 3113 1357 3180 col·

137 3217 238 3309 ligunt
260 3218 326 3309 (vel
348 3219 779 3305 Suniensem-Corinthium,
802 3225 926 3290 nomine
948 3222 1051 3312 inepto
1080 3223 1120 3289 ad
1147 3247 1215 3290 rem
1242 3223 1357 3294 absur-

139 3327 212 3394 dam
240 3339 312 3419 apte
340 3330 519 3422 copulato),
547 3354 651 3422 neque
679 3331 808 3400 Luciani
831 3342 971 3421 ternpore
999 3331 1053 3398 sed
1077 3334 1269 3424 Vespasiano
1295 3336 1358 3402 irn-

137 3448 281 3528 peratore
319 3442 428 3520 luisse,
468 3464 661 3533 quamquam
700 3441 751 3508 ille
784 3464 886 3531 neque
923 3443 954 3507 in
984 3442 1130 3532 Aegypto
1163 3444 1194 3508 in
1226 3444 1357 3513 vincula

138 3551 299 3616 coniectus
321 3574 425 3641 neque
447 3551 487 3618 ad
509 3551 726 3621 Brachrnanas
754 3553 915 3645 profectus
943 3574 1013 3617 esse
1044 3552 1083 3618 ab
1114 3551 1180 3620 ullo
1208 3554 1357 3639 traditur'3

138 3682 252 3749 resque
274 3659 364 3729 [ictas
386 3682 449 3727 non
472 3661 633 3732 Demetrio
656 3663 746 3747 licto,
769 3661 824 3732 sed
847 3661 1008 3730 Demetrio
1019 3663 1056 3748 ²),
1079 3662 1131 3753 qui
1153 3686 1265 3732 revera
1288 3666 1357 3750 fuit,

138 3770 288 3838 accidisse
311 3769 512 3861 allirmant³).

138 3946 340 3958 ..ᾖ-

212 4021 231 4086 ¹)
249 4023 336 4077 Iacob.
355 4019 465 4072 lacebit.
483 4022 561 4080 Fabr.
581 4027 607 4080 b.
626 4043 664 4094 gr.
678 4029 724 4091 Ill,
743 4043 770 4094 p.
783 4024 845 4080 515.
881 4026 981 4092 Pauly,
999 4027 1183 4093 Reallexioon,
1203 4029 1236 4094 lt,
1249 4045 1276 4097 p.
1293 4027 1357 4084 937.

210 4110 230 4176 ²)
248 4113 385 4166 Profectus
404 4131 463 4167 esse
481 4115 578 4168 dieitur
590 4115 741 4167 Demetrius
760 4119 790 4166 ut
809 4130 904 4166 sonum
923 4116 1022 4167 oriente
1040 4116 1096 4167 sole
1114 4117 1234 4169 edentem
1249 4116 1357 4170 audiret

136 4201 284 4252 Memnonis
304 4207 427 4266 statuam,
447 4219 514 4268 quae
525 4202 677 4255 Alexandro
689 4203 786 4253 Severo
804 4203 960 4268 imperatore
977 4203 1113 4270 increpare
1132 4204 1243 4256 desiisse
1261 4206 1356 4257 fertur.

137 4285 191 4339 Cur
208 4304 271 4340 voro
288 4305 321 4340 ne
339 4288 405 4340 haec
422 4305 464 4341 res
483 4288 589 4354 quidem
608 4288 641 4339 ad
655 4289 795 4340 Taxaridis
813 4294 925 4340 aetatem
942 4289 1118 4358 indagandam
1131 4293 1273 4359 quicquam
1292 4309 1356 4350 oon-

137 4373 202 4426 111111
220 4391 253 4426 ex
272 4376 319 4438 eis,
339 4391 405 4439 quae
423 4378 476 4426 iam
495 4377 617 4441 exposui,
637 4377 702 4426 satis
721 4377 891 4442 perspicuum
906 4383 954 4429 est.

209 4458 229 4524 ³)
248 4461 301 4512 Vix
314 4463 535 4529 operaepretium
548 4467 588 4515 est
605 4478 720 4527 monera,
741 4464 827 4516 solum
838 4463 971 4555 homiuem
984 4466 1068 4520 nullia
1087 4466 1184 4534 opibus
1201 4467 1353 4543 praeditum
