2856 4906
685 222 728 288 37

102 404 166 452 .·et
183 400 324 452 συνοικίαι
342 397 390 449 καὶ
409 394 508 467 ἀγροί,
533 398 626 465 ostepl.
648 395 682 451 15
701 397 733 463 (l,
746 394 807 458 332,
821 394 950 459 20-21),
976 393 1081 447 saturn.
1102 392 1136 448 20
1155 391 1225 461 (432,
1238 393 1319 460 4·-5)

176 496 319 550 συνοικίας
336 494 383 544 καὶ
402 490 513 563 α’γρούς.

140 591 209 644 Tox.
229 588 262 642 15
281 588 354 653 (227,
367 588 480 654 29-30)
501 589 639 642 συνοικίαι
658 579 721 636 ὅλαι
739 585 787 637 καὶ
805 583 898 654 ἀγροί.

596 733 636 782 De
655 732 818 796 repetitione.

191 847 313 915 Deinde
340 848 498 916 Lucienus
529 871 624 940 saepe
659 846 792 912 verbum
829 845 955 936 aliquod
989 818 1099 938 repetit
1132 849 1318 938 interpositis

105 953 134 1028 oi
157 959 365 1026 interiectione
389 982 462 1026 cum
484 960 609 1026 nomine
633 965 688 1022 aut
709 956 905 1046 pronomine:

178 1177 244 1236 trag.
263 1169 298 1222 36
311 1167 381 1234 (149,
393 1168 438 1231 27)
458 1164 591 1218 ἀκούουσι
610 1161 674 1235 γάρ,
694 1157 715 1215 ai
734 1165 821 1234 Δᾶμι,
841 1161 1003 1228 ἀκούουσιν,
1023 1165 1083 1216 dial.
1103 1174 1204 1218 meretr.
1225 1169 1263 1219 lX
1281 1168 1318 1218 in.

173 1263 302 1327 (450,19)
322 1257 522 1331 (incidimur,
542 1255 563 1312 ai
583 1261 750 1329 κεκτημένη,
770 1253 968 1330 ἀπολώλαμεν.
1007 1262 1114 1325 (Eadem
1134 1279 1186 1312 vox
1206 1279 1258 1312 non
1277 1264 1317 1312 in·

175 1358 308 1425 terpositis
327 1358 415 1410 verbis
433 1359 570 1424 repetitur:
590 1356 732 1423 Tyrmnio.
752 1354 767 1408 7
785 1355 838 1418 (52,
852 1354 976 1419 21-22),
996 1357 1053 1424 Iup.
1074 1363 1139 1424 trag.
1159 1357 1194 1410 32
1212 1359 1242 1422 (l,
1257 1355 1317 1419 147,

173 1452 227 1516 23),
247 1455 355 1505 tearum.
375 1451 410 1506 34
429 1452 500 1517 (169,
513 1451 558 1515 31)
576 1453 669 1519 piscat.
688 1448 722 1503 37
742 1448 814 1515 (278,
830 1447 884 1513 25),
904 1451 966 1502 dial.
986 1459 1088 1502 meretr.
1102 1453 1148 1517 lv,
1162 1452 1178 1506 5
1192 1451 1262 1515 (449,
1275 1451 1317 1515 3),

139 1547 262 1600 similiter
279 1548 307 1598 in
325 1548 394 1599 Tox.
415 1546 430 1598 1
451 1545 522 1611 (221,
534 1546 561 1610 3)
581 1539 698 1614 θύομεν,
719 1536 740 1594 ai
758 1538 925 1609 Μνήσιππε,
944 1541 1051 1615 θύομεν
1069 1548 1174 1614 legitur.

384 1687 425 1742 Tri
444 1688 525 1744 κοινὰ
545 1690 592 1742 καὶ
610 1686 674 1741 καθ’
697 1684 816 1760 ἡμέραν,
835 1706 876 1742 res
895 1690 1027 1757 vulgares.

192 1809 338 1899 Denique
359 1808 438 1876 viles
462 1819 493 1877 et
514 1808 664 1898 vulgares
686 1833 736 1876 res
752 1807 911 1875 Lucienus
935 1807 1031 1877 κοινὰ
1054 1808 1111 1876 καὶ
1132 1805 1210 1876 καθ’
1235 1803 1315 1897 ἡμέ-

103 1946 167 2013 ραν
188 1920 274 1988 dicit:

139 2034 216 2103 lupit.
235 2039 303 2101 trag.
324 2033 358 2088 13
377 2035 408 2098 (1,
423 2032 483 2097 140,
498 2032 624 2098 14-15)
644 2032 677 2086 roi
696 2031 775 2086 κοινὰ
796 2033 842 2084 καὶ
861 2028 893 2083 τὰ
913 2035 977 2083 καθ’
996 2029 1103 2101 ἡμέραν
1121 2032 1206 2082 ταῦτα
1225 2032 1315 2095 βοών-

175 2145 226 2195 τες,
247 2127 281 2182 50
301 2125 370 2193 (154,
384 2126 428 2190 25)
449 2123 519 2176 ἀλλὰ
536 2125 570 2179 ui
590 2125 671 2180 κοινὰ
689 2129 774 2180 ταῦτα
794 2129 841 2179 καὶ
860 2122 922 2178 καθ’
943 2122 1060 2196 ἡμέραν,

106 2218 314 2289 aToxaridis
343 2228 448 2284 autem
477 2219 627 2309 scriptore
655 2243 681 2286 c.
704 2221 746 2285 49
770 2220 865 2302 (241,
889 2220 944 2303 15)
967 2217 1077 2284 verba:
1110 2214 1246 2286 Σκύθαι
1274 2217 1315 2284 τὰ

106 2329 204 2399 κοινοὶ
226 2332 332 2398 ταῦτα
354 2327 474 2397 καὶτὰ
497 2324 577 2396 καθ’
601 2323 726 2419 ἡμέραν
749 2326 902 2410 ἀξιοῦσιν
924 2351 987 2394 non
1010 2329 1086 2393 satis
1108 2337 1196 2418 apte,
1219 2338 1254 2392 ut
1277 2328 1315 2392 ab

103 2442 266 2521 imitatore,
289 2450 439 2530 usurpata
462 2441 492 2506 in
515 2461 652 2506 errorem
674 2439 816 2506 homines
840 2439 960 2519 doctos,
983 2437 1134 2505 Iacobum
1147 2437 1316 2528 praecipue

106 2560 138 2618 et
160 2548 357 2631 lacebitium,
387 2550 591 2632 induxerunt,
619 2548 651 2615 bi
677 2552 759 2616 enim
780 2549 822 2617 ani
845 2550 941 2617 κοιναὶ
962 2552 1069 2616 ταῦτα
1093 2547 1212 2616 καὶτὰ
1236 2544 1315 2615 καθ’

105 2654 232 2748 ἡμέραν
259 2659 417 2727 referenda
448 2682 518 2727 esse
548 2659 654 2727 dicunt
681 2659 721 2726 ad
749 2683 800 2741 ea,
837 2684 939 2751 „quae
968 2659 1125 2726 communi
1153 2661 1316 2748 utriusque

104 2767 211 2862 populi
239 2767 364 2835 decreto
392 2770 511 2836 sancita
538 2770 598 2834 sint
630 2777 661 2835 et
688 2770 863 2837 secundum
892 2793 972 2860 quae
1000 2793 1054 2859 per
1082 2768 1223 2860 singulos
1247 2770 1313 2834 dies

105 2878 248 2970 agatur'’;
271 2901 354 2968 quae
376 2877 517 2946 refellere
539 2900 810 2971 supervacaneum
834 2889 891 2946 est.

576 3045 616 3096 De
635 3045 843 3111 interpositione.

189 3163 288 3230 Porro
311 3162 437 3251 saepius
461 3180 557 3247 quam
573 3159 611 3225 ab
628 3157 692 3226 ullo
708 3181 828 3243 eorum,
852 3182 932 3250 quos
947 3161 1092 3251 equidem
1112 3164 1194 3253 novi,
1219 3163 1317 3253 scrip·

108 3282 212 3340 torum
234 3296 253 3338 a
275 3270 416 3339 Luciano
438 3269 629 3359 interpositio
652 3279 829 3360 usurpatur.
879 3270 962 3338 Cum
990 3282 1096 3338 autern
1118 3271 1180 3340 hoc
1203 3272 1318 3362 duplici

105 3383 200 3451 modo
222 3381 291 3464 fiat,
321 3402 396 3447 nam
418 3377 469 3445 vel
493 3401 545 3461 ea,
574 3401 655 3468 quae
676 3381 777 3470 magis
801 3403 891 3462 eum,
920 3383 971 3470 qui
995 3381 1082 3461 dicit,
1112 3392 1143 3446 et
1166 3402 1236 3461 eos,
1265 3382 1317 3469 qui

106 3493 249 3576 audiunt,
284 3493 452 3582 attingant,
477 3486 530 3554 vel
553 3511 605 3570 ea,
639 3512 719 3579 quae
742 3490 781 3556 ad
804 3512 871 3556 rem
894 3490 1112 3581 explicandam
1140 3491 1317 3557 necessaria

107 3605 182 3686 sint,
216 3601 438 3671 continuationi
460 3603 612 3668 sermonis
635 3602 738 3668 media
760 3603 955 3692 interponere
978 3600 1072 3683 solet,
1100 3599 1162 3667 hoc
1185 3601 1319 3668 alterum

104 3712 331 3781 interclusionis
355 3733 456 3804 genus
479 3709 530 3777 hic
551 3712 779 3802 respiciendum
802 3721 858 3778 est.
895 3711 1062 3803 Proprium
1085 3716 1167 3780 enim
1189 3711 1320 3780 Luciani

106 3831 163 3904 est,
186 3825 289 3890 statim
311 3825 342 3890 in
364 3823 500 3889 mediam
523 3843 588 3886 rem
611 3821 807 3888 referendam
828 3823 957 3913 ingredi,
981 3833 1074 3913 atque
1096 3825 1264 3914 praecipue
1287 3823 1317 3890 in

104 3931 343 4001 narratiunculis
366 3929 581 4024 exemplisque
605 3931 768 3998 allerendis
790 3931 820 3998 id
843 3933 948 3999 statim
971 3936 1131 4023 persequi,
1155 3933 1238 4026 quod
1261 3955 1318 4024 po-

105 4043 260 4111 tissimum
284 4039 324 4107 ad
346 4064 411 4109 rem
432 4040 628 4134 probandam
648 4043 791 4132 pertinet,
813 4051 908 4134 atque
930 4044 971 4109 ita
989 4067 1084 4136 saepe
1099 4055 1209 4134 postea
1225 4045 1320 4110 inter·

107 4152 250 4223 elusione
272 4149 387 4217 addere
410 4153 532 4242 cogitur
555 4175 609 4232 ea,
643 4173 725 4244 quae
753 4162 788 4219 ut
809 4153 943 4219 narratio
965 4153 1179 4246 intellegatur,
1213 4154 1320 4242 utique

107 4263 286 4334 necessaria
308 4269 381 4329 sunt
403 4270 435 4328 et
456 4263 519 4328 iam
540 4285 614 4330 cum
636 4261 891 4330 antecedentibus
921 4274 987 4330 arte
1007 4265 1202 4333 contexenda
1224 4274 1321 4329 erant.

109 4375 204 4461 Quod
231 4372 367 4440 maxime
396 4370 557 4463 apparebit
583 4395 623 4439 ex
651 4375 710 4455 eis,
740 4397 822 4464 qnae
849 4396 918 4465 cap.
943 4376 982 4438 12
1005 4373 1065 4459 (ll,
1085 4376 1136 4457 25,
1154 4376 1190 4440 ll
1214 4383 1245 4439 et
1262 4373 1320 4458 13)

108 4481 176 4553 libri
199 4482 237 4550 de
259 4481 483 4553 conscribenda
505 4480 632 4550 historia
654 4481 810 4574 leguntur.
854 4482 1030 4576 Postquam
1052 4488 1134 4556 enim
1155 4484 1228 4554 dicti
1248 4492 1320 4552 sunt
