2856 4906
658 229 703 303 es·

72 401 192 480 turilias
214 409 287 478 ante
306 398 448 500 pugnam
468 409 638 499 pecuniam
666 398 732 474 dari
754 415 784 477 et
805 405 868 474 hoc
889 407 917 475 ei
940 413 1013 475 ante
1033 400 1146 474 oculos
1168 402 1283 471 obaer-

73 531 180 589 satum
211 543 297 603 esse,
336 541 409 586 cum
440 540 568 609 pugnae
601 519 774 609 praemium
809 518 1105 585 comminisceretur.
1159 513 1288 583 Deinde

73 626 185 701 dieitur
209 630 351 697 Sisinnes
376 652 526 720 pompam
554 631 670 696 vidisse
698 630 796 696 tribus
831 627 940 697 (liebus
968 636 1040 694 ante
1070 626 1175 707 ludos,
1209 642 1288 692 cum*

73 743 142 832 ipso
165 739 312 808 ludorum
335 739 384 806 die
406 762 522 829 pompa
546 761 615 806 esse
638 739 766 823 soleret,
789 778 831 790 —
853 763 964 807 verum
988 749 1092 806 tamen
1119 735 1181 803 hoc
1203 756 1285 826 quo·
1381 733 1385 739 ’

75 866 138 940 que
164 850 205 917 ud
232 852 441 917 narrationem
474 860 546 941 apte
580 849 830 940 componendam
864 851 1003 941 scriptori
1038 847 1154 939 fingere
1186 845 1283 927 licuit,

76 961 258 1052 praesertim
281 981 354 1026 cum
379 961 472 1026 etiam
496 959 722 1050 triumphantes
744 962 947 1051 imperatores
962 979 1199 1047 nonnumquam
1216 955 1286 1046 gla-

78 1071 212 1137 diatores
238 1068 425 1161 pompaliter
453 1072 553 1136 ornati
581 1072 803 1137 comitarentur
817 1073 849 1156 ¹).
904 1069 1027 1137 Deinde
1059 1067 1144 1157 quod
1171 1068 1203 1133 in
1229 1066 1288 1133 de·

77 1180 247 1246 scrilrendis
281 1178 363 1244 ludis
396 1179 555 1246 meridiani
584 1202 651 1248 non
686 1188 986 1260 commemorantur,
1024 1176 1223 1268 neglegentia
1257 1176 1286 1244 ei

74 1288 287 1379 praetermissi
310 1312 380 1354 esse
402 1298 550 1378 possunt,
567 1301 620 1357 aut
644 1292 715 1379 quia
738 1313 799 1358 non
821 1292 851 1357 id
874 1291 985 1381 agitur,
1007 1299 1041 1354 ut
1056 1287 1121 1354 ludi
1136 1294 1286 1355 accurate

76 1397 301 1466 describantur.
352 1398 447 1484 Quod
471 1409 576 1466 autem
599 1401 743 1467 dicuntur
765 1402 898 1468 bestiarii
921 1400 1016 1467 vincti
1043 1399 1149 1465 bestiis
1175 1397 1286 1464 obiecti

80 1530 161 1589 esse,
186 1531 260 1575 cum
283 1533 300 1575 a
324 1508 409 1577 nullo
434 1509 493 1575 alio
518 1520 647 1578 auctore
668 1512 698 1576 id
723 1511 867 1578 traditum
891 1511 971 1595 sit²),
994 1532 1045 1576 me
1061 1507 1230 1574 adduceret
1252 1513 1287 1571 ut

78 1618 255 1702 crederem,
290 1622 355 1685 suis
384 1619 415 1686 id
443 1620 541 1688 oculis
569 1620 734 1687 Toxaridis
764 1623 947 1712 scriptorem
977 1619 1105 1700 vidisse,
1139 1617 1195 1682 nisi
1224 1613 1288 1683 hoc

76 1729 194 1821 ipsum,
218 1729 304 1819 quod
326 1750 419 1796 nemo
442 1741 565 1820 praeter
587 1755 660 1797 eum
682 1730 773 1797 huius
796 1736 839 1798 rei
862 1732 1051 1797 mentionem
1074 1729 1162 1808 lacit,
1184 1747 1288 1814 neque

54 1838 143 1906 ‘ulla
171 1849 237 1906 erat
265 1862 380 1921 causa,
414 1864 470 1907 cur
497 1841 630 1908 bestiarii
660 1845 863 1925 vincirentur,
895 1842 1013 1907 laceret
1040 1848 1075 1904 ut
1103 1838 1290 1928 suspicarer,

79 1947 173 2015 ludos
196 1949 296 2016 alr-eo
319 1973 381 2017 non
405 1974 475 2017 esse
498 1961 671 2042 spectatos,
702 1953 757 2019 sed
780 1976 870 2033 eum,
900 1975 973 2018 cum
994 1950 1101 2017 litteris
1124 1949 1291 2029 didicisset,

80 2061 224 2128 lromines
244 2059 325 2128 ludis
344 2060 533 2152 gladiatoriis
556 2062 660 2130 bestiis
683 2063 821 2130 obiectos
838 2085 917 2145 esse,
939 2065 969 2128 in
985 2062 1203 2152 cogitationem
1219 2078 1291 2124 esse

48 2243 52 2247 ³
84 2169 268 2254 adductum,
302 2194 357 2238 eos
385 2174 508 2239 vinctos
535 2174 648 2255 luisse,
678 2197 718 2241 ne
748 2197 782 2239 se
805 2173 970 2240 defendere
993 2180 1130 2262 possent.
1185 2168 1289 2235 Etiam

82 2279 163 2347 aliae
184 2279 270 2347 leves
293 2304 343 2347 res
366 2283 395 2348 in
419 2283 479 2349 lrac
503 2291 678 2350 narratione
700 2285 819 2366 insunt,
848 2306 929 2373 quae
952 2284 1163 2374 suspicionem
1186 2298 1290 2344 meam

80 2399 213 2480 augent,
244 2414 349 2482 neque
372 2391 537 2460 Toxaridis
566 2395 748 2483 scriptorem
777 2393 906 2461 arbitror
932 2416 988 2484 pro
1012 2415 1068 2458 sua
1092 2388 1290 2480 loquacitate,

78 2501 106 2566 si
133 2499 224 2566 ludos
254 2512 443 2592 spectasset,
482 2527 543 2571 non
571 2503 676 2570 nrrrltis
705 2506 809 2572 verbis
838 2527 892 2570 eos
923 2504 1151 2594 descripturum
1185 2499 1290 2564 luisse.

80 2611 236 2697 Quodetsi
259 2613 435 2695 statuimus,
458 2614 496 2681 ab
520 2637 557 2680 eo
580 2614 672 2682 ludos
694 2638 757 2682 non
780 2624 940 2706 spectatos
962 2637 1042 2697 esse,
1065 2635 1105 2680 ex
1127 2632 1163 2677 eo
1186 2616 1292 2673 tamen

72 2721 221 2790 'nondum
244 2724 399 2812 sequitur,
432 2736 467 2791 ut
494 2725 593 2792 multo
622 2737 694 2816 post
722 2736 868 2815 quartum
891 2724 1054 2793 saeculum
1077 2722 1176 2791 luerit.
1222 2715 1291 2785 lam

79 2833 165 2900 enim
188 2855 207 2898 a
230 2832 435 2901 Constantino
463 2837 650 2926 imperatore
672 2835 737 2902 ludi
759 2835 931 2927 gladiatorii
959 2837 1109 2903 interdicti
1132 2840 1232 2913 erant,
1260 2836 1292 2897 et

79 2952 193 3034 postea
217 2940 341 3011 Romae
364 2945 468 3012 solum
492 2946 593 3013 denuo
616 2946 834 3015 Valentiniano
857 2947 982 3015 iubente
1004 2947 1077 3013 lacti
1099 2954 1171 3010 sunt
1180 2947 1219 3028 ³),
1248 2942 1292 3008 ita

80 3053 196 3118 ernist
218 3050 342 3120 Romae
366 3064 432 3121 erat
455 3056 600 3145 scriptor,
624 3060 744 3125 etiamsi
768 3067 879 3149 quarto
902 3056 1029 3125 saeculo
1053 3065 1193 3122 extremo
1216 3053 1293 3118 luis-

85 3171 145 3244 set,
167 3185 222 3228 eos
244 3164 350 3230 videre
372 3187 435 3232 non
458 3168 620 3256 potuisset.

167 3272 218 3339 Ex
243 3273 373 3364 singulis
400 3277 494 3365 igitur
528 3277 600 3345 nihil
629 3301 690 3345 non
720 3279 788 3346 dico
818 3290 938 3347 certum
972 3279 1027 3346 sed
1057 3301 1095 3345 ne
1126 3271 1293 3342 verisimile

80 3382 208 3472 quidem
237 3386 416 3475 investigari
443 3408 538 3478 posse
565 3389 814 3456 demonstratum
844 3399 907 3472 cst3
942 3401 974 3456 at
1001 3412 1040 3456 ex
1062 3387 1214 3454 universis
1237 3382 1294 3449 ali-

81 3493 159 3583 quid
193 3496 293 3561 eonici
326 3518 422 3586 posse
456 3499 607 3565 existimo.
657 3497 777 3566 Rerum
811 3501 892 3566 enirn
927 3523 1008 3590 quae
1035 3505 1197 3567 narrantur
1228 3496 1301 3576 eae,

81 3626 168 3694 quae
203 3627 265 3671 non
292 3604 386 3696 plane
416 3610 540 3696 ineptae
573 3611 601 3675 in
629 3608 755 3698 aliquod
784 3619 908 3700 tempus
942 3610 1072 3693 cadunt,
1106 3617 1160 3673 aut
1182 3613 1294 3698 quarto

80 3723 115 3780 et
136 3715 398 3804 praecedentibus
421 3717 568 3797 sacculis,
601 3727 738 3786 autnon
761 3719 860 3787 multo
883 3731 955 3812 post
982 3730 1128 3810 quartum
1151 3720 1295 3785 evenisse

76 3834 226 3918 possunt.
279 3828 483 3919 Quamquam
512 3837 619 3895 autem
651 3831 789 3919 cogitare
816 3830 904 3915 lieet,
936 3830 1081 3898 consulto
1103 3831 1295 3898 narrationes

81 3997 291 4012 ————-

158 4083 177 4153 ¹)
196 4089 270 4155 Lips.
288 4089 308 4139 l.
328 4107 352 4140 a.
365 4092 398 4154 ll,
417 4089 443 4154 3,
463 4107 488 4157 p.
497 4090 539 4145 83.

158 4175 178 4240 ²)
197 4177 287 4242 Neque
310 4192 358 4242 ego
382 4179 451 4243 apud
470 4180 552 4229 alium
572 4180 724 4246 scriptorem
743 4179 824 4230 huius
848 4181 886 4232 rei
908 4181 1067 4233 mentionem
1085 4182 1182 4247 reperi,
1209 4197 1296 4249 neque

78 4264 301 4318 Friedlaenderus
320 4266 366 4330 qui
383 4268 581 4317 accuratissime
600 4266 713 4318 deludis
732 4267 896 4334 gladiatoriis
909 4269 1032 4321 disseruit
1044 4269 1148 4320 videtur
1159 4270 1296 4336 reperisse,

80 4368 147 4406 oum
166 4352 269 4417 (Rhein.
288 4353 358 4403 Mus.
378 4354 413 4418 X,
432 4370 457 4419 p.
467 4352 528 4418 570,
548 4360 602 4404 not.
618 4355 646 4419 8)
664 4373 697 4406 ex
716 4356 846 4408 Toxeride
864 4363 966 4408 tantum
985 4359 1042 4409 eius
1061 4359 1098 4409 rei
1116 4359 1297 4410 testimonium

78 4441 209 4509 proferat.

159 4525 179 4592 ³)
198 4527 271 4594 Lips.
291 4528 310 4580 l.
328 4545 352 4578 a.
372 4529 391 4592 1,
412 4527 454 4592 12,
473 4544 498 4594 p.
508 4526 552 4583 49.
