2856 4906
705 223 749 290 84

122 393 301 486 disciplinae
333 394 536 486 gravitatem,
568 393 725 483 priscique
758 391 853 460 moris
887 390 1133 471 observantiam,
1166 404 1247 480 quas
1279 411 1338 457 sua

121 504 215 572 etiam
244 513 347 572 aetate
379 503 463 594 apud
487 526 541 570 eos
564 504 704 593 viguisse
726 500 871 570 Valerius
895 502 1055 571 Maximus
1066 501 1090 590 ¹)
1112 500 1228 591 prodit,
1258 503 1338 569 inte-

124 638 199 704 gras
223 615 379 681 mansisse
403 613 487 680 credi
509 636 571 680 non
594 613 703 703 possit,
727 612 782 678 sed
805 611 973 679 verisimile
996 613 1080 702 sit²),
1102 634 1207 679 mores
1229 632 1341 678 eorum

121 726 184 792 iam
209 725 298 790 tertio
322 721 452 789 saeculo
476 721 665 813 depravatos
694 731 789 812 atque
814 723 953 789 instituta
976 730 1096 790 mutata
1119 722 1230 804 luisse,
1264 721 1340 810 quin

122 835 216 902 etiam
239 855 294 899 eos
317 834 380 899 ianr
394 831 527 916 'l'aciti³)
550 841 654 898 aetate
676 854 738 899 non
762 833 872 922 dignos
889 855 926 898 ea
949 831 1043 899 laude
1065 833 1171 914 tuisse,
1194 831 1340 920 quomis

122 945 166 1011 eis
184 942 372 1026 attribuat⁴),
395 943 495 1009 conici
519 939 639 1022 debeat,
663 942 845 1032 scriptorem
857 940 988 1010 Luciani
1010 951 1150 1034 tempore
1165 939 1219 1008 vel
1234 942 1340 1032 potius

123 1063 208 1120 ante
224 1052 433 1119 Lucianurn
450 1053 583 1134 fuisse,
606 1074 689 1117 cum
710 1074 796 1118 eum
816 1060 946 1118 aetate
966 1054 1222 1145 posteriorem
1240 1073 1340 1134 esse,

123 1162 416 1230 ostenderimus.
446 1160 595 1251 Sequitur
610 1161 710 1250 igitur,
733 1161 818 1252 quod
833 1161 908 1229 mibi
924 1163 1052 1251 quidem
1067 1161 1340 1253 argumentatione

123 1295 185 1340 non
201 1272 323 1340 videtur
343 1273 478 1362 eguisse,
499 1281 534 1338 ut
550 1256 682 1362 scriptor
698 1293 801 1360 neque
817 1294 898 1361 quae
921 1272 988 1363 ipse
1009 1295 1158 1365 praesens
1181 1270 1339 1361 cognovit,

124 1406 229 1473 neque
251 1405 333 1472 quae
355 1381 395 1448 ab
419 1380 485 1448 aliis
513 1383 650 1474 expertis
678 1382 801 1472 accepit
831 1381 947 1464 tradat,
975 1382 1032 1449 sed
1055 1393 1091 1450 ut
1111 1405 1164 1465 ea,
1194 1397 1277 1473 quae
1299 1401 1341 1448 ex

124 1492 231 1561 litteris
254 1493 403 1582 sumpsit,
427 1491 465 1558 de
487 1489 735 1558 Massiliensibus
758 1513 835 1558 suae
858 1494 969 1560 aetatis
991 1503 1111 1574 narret,
1145 1512 1338 1582 quamquam

125 1602 209 1693 apud
237 1623 292 1667 eos
320 1602 383 1667 iam
410 1623 473 1667 non
502 1600 665 1684 valebant,
698 1603 724 1668 si
751 1623 904 1693 umquam
933 1601 1026 1691 plane
1047 1602 1218 1685 eiusmodi,
1249 1600 1339 1668 utin

124 1711 283 1778 Toxaride
313 1710 468 1801 proditur,
511 1712 687 1778 institutum
714 1712 798 1802 apud
826 1735 881 1778 eos
908 1711 1016 1779 valuit.
1070 1710 1156 1781 Nam
1189 1711 1285 1778 etiam
1313 1709 1342 1776 si

127 1821 211 1888 credi
224 1821 334 1912 possit,
356 1843 438 1903 eum,
462 1822 515 1910 qui
529 1821 629 1889 semel
640 1825 662 1907 5)
679 1819 885 1912 παρανόμων
901 1823 1064 1890 convietus
1080 1823 1178 1904 luerit,
1198 1821 1341 1888 maxima

127 1933 235 2023 capitis
259 1930 469 1997 deminutione
492 1931 709 2024 bonorumque
731 1934 941 2025 publicatione
963 1931 1132 2001 multatum
1154 1955 1235 2014 esse,
1256 1930 1342 1998 veri-

126 2041 226 2111 simile
249 2065 311 2109 non
335 2050 392 2124 est,
415 2049 470 2106 aut
491 2040 682 2110 Strabonem
692 2047 724 2128 ὓ),
747 2068 821 2111 cum
844 2044 883 2110 de
905 2042 999 2110 rebus
1022 2041 1268 2110 Massiliensibus
1291 2064 1342 2107 re·
1376 2055 1381 2063 '

127 2155 236 2235 ferret,
259 2160 314 2218 aut
336 2159 421 2216 certe
444 2147 605 2218 Valerium
628 2153 802 2222 Maximum
811 2158 850 2242 ⁷),
872 2175 946 2219 eum
968 2152 1110 2243 singulas
1133 2152 1222 2242 leges
1244 2161 1343 2240 atque

125 2266 264 2332 instituta
282 2269 461 2352 exponeret,
484 2259 566 2328 hane
587 2266 821 2332 severissimam
836 2264 951 2356 legem,
974 2266 1000 2332 si
1023 2261 1343 2354 apudpMassilienses

125 2373 292 2454 valuisset,
325 2394 388 2438 nou
409 2369 605 2462 prolaturum
628 2375 725 2440 luisse
747 2384 784 2440 ut
807 2375 913 2464 gravis
936 2373 1117 2465 disciplinae
1143 2370 1342 2463 exemplum3

125 2485 308 2576 praesertim
332 2505 405 2548 cuns
427 2491 559 2573 uterque
581 2484 611 2550 in
634 2484 701 2550 eius
725 2485 848 2574 generis
871 2485 965 2552 rebus
979 2483 1147 2576 prodendis
1170 2480 1343 2574 diligentis-

130 2596 229 2662 simus
252 2595 299 2659 sit.
344 2592 484 2682 Apparet
505 2615 580 2682 ergo
604 2604 658 2660 aut
686 2593 824 2684 aliquam
847 2593 1074 2662 Massiliensem
1097 2593 1217 2683 legem,
1244 2592 1344 2660 Athe-

129 2705 243 2774 niensis
266 2701 345 2793 legis
368 2701 407 2768 de
431 2711 477 2770 ter
498 2701 704 2795 παρανόμων
726 2705 878 2772 convictis
890 2707 914 2792 8)
937 2704 1071 2773 similem
1092 2704 1172 2773 falso
1195 2702 1344 2772 traditam

128 2847 329 2857 ——-—-—

126 2916 273 2982 βερληκυΐα
292 2913 429 2964 πολιτείαν
447 2917 500 2969 τοῖς
518 2913 572 2965 τῶν
590 2908 763 2982 κρατούντων
783 2914 884 2982 χρῆται
905 2915 1032 2984 νομίμοις
1056 2915 1161 2981 (eorpus
1184 2913 1340 2982 scriptorum

126 3005 189 3056 hist.
208 3000 379 3069 Byzantinos.
397 3001 428 3051 B.
443 3001 476 3052 G.
487 3001 614 3053 Niebuhr.
627 3004 672 3066 ΙΙΙ,
690 3019 717 3070 p.
728 3002 771 3068 16,
784 3018 810 3053 v.
821 3001 855 3054 21
867 3029 897 3038 -
911 3018 938 3069 p.
951 3001 994 3066 17,
1008 3019 1034 3055 v.
1044 3000 1082 3066 2,)

200 3090 218 3155 ¹)
238 3089 297 3144 val.
315 3089 388 3139 Max.
408 3090 440 3151 ΙΙ,
460 3088 485 3142 6.

199 3176 218 3242 ²)
238 3175 382 3240 Briickner,
396 3175 467 3227 Hist.
477 3177 541 3244 reip.
554 3177 656 3231 Massil.
673 3192 698 3244 p.
707 3175 828 3231 45-46.
864 3177 958 3243 Fabae,
970 3179 990 3230 Ι.
1004 3195 1028 3234 o.
1039 3195 1066 3246 p.
1077 3175 1225 3232 138—139.
1243 3174 1342 3230 Athen.

126 3262 280 3328 xr1‚5a3e.

200 3351 220 3418 ³)
240 3351 376 3404 Briieknes·
398 3351 417 3402 Ι.
431 3367 454 3402 a.
468 3349 515 3405 27:
533 3353 646 3405 Neronis
664 3350 827 3418 temporibus
844 3351 974 3405 libertatis
993 3354 1094 3420 species
1204 3347 1343 3417 exstingui

127 3442 220 3508 eoepit.
256 3439 350 3504 Fabae,
362 3439 382 3490 l.
393 3456 430 3502 a.;
449 3439 523 3493 nullo
541 3446 617 3506 pacto
635 3445 722 3491 autem
740 3440 821 3490 statui
839 3444 934 3506 potest,
954 3441 1024 3507 quod
1039 3441 1153 3494 Fabrius
1172 3437 1279 3490 videtur
1297 3453 1344 3488 ex·

126 3530 271 3590 intimasse,
292 3529 427 3593 antiquam
445 3526 535 3595 legum
553 3529 720 3598 severitatem
742 3525 877 3594 viguisse,
901 3533 1016 3581 attamen
1033 3544 1118 3581 moros
1136 3542 1271 3595 prorsus
1290 3525 1345 3577 de·

126 3621 280 3681 pravatus
300 3630 357 3666 esse
377 3614 413 3680 (p.
424 3613 475 3668 139
494 3615 544 3667 elle
562 3617 635 3668 avait
651 3615 691 3667 les
709 3614 806 3666 memes
823 3614 875 3666 lois
894 3616 965 3680 ete).

198 3701 219 3766 4)
238 3700 364 3768 Agricola
381 3716 403 3752 ο.
417 3698 444 3752 4.

201 3788 221 3853 ἢ)
240 3790 318 3840 Errat
334 3788 464 3852 Meierus,
484 3790 531 3855 qui
550 3789 588 3855 (in
607 3789 676 3841 libro
695 3788 727 3840 de
746 3789 823 3841 bonis
843 3790 1024 3843 damnatorum
1041 3806 1067 3857 p.
1080 3788 1143 3856 200)
1163 3807 1197 3844 ex
1214 3790 1344 3845 hocloco

128 3876 240 3943 oolligit,
259 3875 396 3928 Massiliae
413 3881 464 3927 ter
481 3873 656 3947 παρανόμων
674 3878 811 3930 convictos
829 3878 939 3930 infamia
955 3883 1060 3930 notatos
1079 3894 1149 3943 esse;
1178 3895 1256 3947 quern
1273 3895 1345 3932 erro·

126 3980 182 4015 rem
199 3965 252 4015 viri
271 3963 302 4015 da
319 3962 524 4016 Atheniensium
542 3966 609 4017 iuris
635 3965 777 4032 disciplina
799 3971 854 4017 tom
875 3965 943 4019 bene
966 3965 1055 4016 meriti
1072 3966 1139 4018 mibi
1157 3983 1212 4020 non
1229 3971 1346 4035 praeur-

124 4050 281 4102 mittondum
300 4067 357 4103 esse
374 4051 481 4116 putavi3
501 4051 614 4104 aliorum
631 4069 718 4120 nugas
736 4059 878 4118 praetereo.

197 4135 217 4201 ⁶)
237 4135 323 4189 Strab.
335 4138 379 4201 IV,
393 4136 418 4202 1,
432 4140 457 4200 ἓ.
468 4137 494 4203 5,
512 4155 539 4206 p.
550 4138 705 4204 litt-1803
724 4140 851 4204 (Kramer.
865 4141 905 4192 ed.
923 4142 985 4191 mai.
1000 4141 1020 4204 l,
1035 4139 1087 4195 279
1100 4141 1184 4208 seqq.)

199 4221 218 4288 7)
236 4224 296 4276 val.
309 4226 382 4277 Max.
398 4226 430 4287 ΙΙ,
444 4224 469 4288 6,
483 4226 505 4286 ξ.
517 4224 611 4280 7-10.

138 4367 142 4372 ,
198 4309 219 4376 ⁸)
237 4313 328 4365 Maior.
347 4313 365 4364 Ι.
380 4330 404 4365 a.
422 4327 449 4378 p·
460 4310 524 4365 130:
553 4314 638 4379 siquis
661 4319 792 4367 oratorum
816 4314 886 4382 apud
910 4315 1086 4369 Athenienses
1109 4322 1149 4368 ten
1166 4307 1346 4387 παρανόμων

125 4400 263 4451 convietus
282 4404 351 4463 erat,
370 4404 416 4450 aut
434 4399 544 4452 infamia
560 4400 659 4463 madia,
679 4406 733 4466 aut,
753 4403 824 4469 quod
842 4404 1017 4456 verisimilius
1036 4410 1085 4469 est,
1105 4404 1215 4457 infamio
1231 4405 1347 4460 minima

119 4485 291 4548 puniebatur.
