2856 4906
727 240 767 305 14

143 420 276 491 rentem,
310 431 417 477 amore
445 419 573 500 captum
596 432 667 476 esse
689 407 869 488 Philebum,
899 411 989 477 cuius
1018 412 1171 501 parasitus
1200 415 1254 494 sit;
1288 414 1359 478 lore

142 523 233 602 enim,
256 530 292 587 ut
312 522 343 586 in
366 519 500 584 amicam
524 521 628 587 omnia
650 521 858 594 conferantur,
880 520 948 608 ipse
970 519 1166 608 neglegatur.

226 628 425 718 Neque'lroc
447 628 638 695 laudandum
662 639 718 708 est,
741 629 914 716 quodcum
938 628 967 692 id
992 631 1149 718 agendum
1172 633 1219 706 sit,
1242 640 1276 694 ut
1299 630 1359 696 de-

140 750 344 820 monstretur,
373 762 467 827 quam
494 749 692 829 praesentem
722 738 856 802 amicum
882 737 1074 826 Agathocles
1103 763 1137 803 se
1160 739 1358 828 praestiterit,

142 873 204 918 non
227 851 331 917 solum
353 851 442 915 nimis
465 847 527 913 late
549 858 580 913 et
602 849 713 914 diliuse
734 857 885 928 narratur,
909 847 1020 934 quibus
1044 847 1175 913 artificiis
1189 847 1357 913 Chariclea

143 960 181 1025 ad
210 959 377 1049 capiendos
405 959 535 1024 iuvenes
572 957 768 1037 excelluerit,
803 966 834 1022 et
863 957 1021 1045 quomodo
1052 956 1176 1021 Diniam
1209 957 1264 1021 sibi
1299 957 1359 1023 de·

141 1071 282 1151 vinxerit,
305 1070 360 1134 sed
382 1071 474 1134 etiam
496 1069 701 1156 incomposite
725 1068 834 1132 eadem
859 1074 1047 1155 repetuntur.
1081 1065 1164 1131 Cum
1188 1069 1270 1131 enim
1291 1069 1358 1133 iam

142 1187 424 1244 commemoratum
447 1179 486 1242 sit
507 1199 534 1242 c.
553 1175 626 1242 Xlll
650 1179 739 1260 (226,
757 1177 917 1258 23-26),
946 1172 1144 1240 Charicleam
1169 1175 1293 1255 Diniae,
1320 1188 1358 1243 ut

142 1310 216 1353 eum
245 1310 352 1353 amore
379 1286 572 1367 incenderet,
601 1286 718 1354 litteras
747 1308 943 1373 coronasque
975 1283 1115 1372 aliasque
1142 1307 1192 1349 res
1220 1288 1357 1367 misisse,

140 1394 265 1463 libidine
287 1398 354 1461 eius
382 1395 535 1486 descripta
560 1396 682 1463 additur
705 1398 790 1479 (226,
807 1396 861 1478 31)
885 1394 942 1461 καὶ
963 1394 1043 1473 δέος
1064 1389 1162 1462 οὐδὲν
1182 1388 1231 1484 ἦν,
1253 1393 1356 1485 μήτι

142 1501 297 1574 ἀπείποι
323 1503 527 1594 Χαρίκλεια,
557 1509 645 1594 quasi
673 1529 710 1572 ea
732 1507 871 1572 nondum
899 1505 937 1569 ab
961 1503 1173 1570 adulatoribus
1199 1506 1229 1570 in
1252 1508 1355 1570 socie-

114 1614 236 1680 ¹tutem
267 1615 465 1682 consiliorum
494 1624 656 1705 assumpta
685 1617 736 1696 sit,
776 1624 870 1704 atque
896 1615 938 1678 ita
961 1615 1054 1678 etiam
1081 1615 1258 1705 perscriptis
1284 1615 1353 1679 eius

141 1723 258 1789 artibus
282 1726 421 1813 pergitur
442 1726 544 1792 verbis
568 1723 686 1792 0.le
701 1726 786 1810 (226,
803 1723 943 1807 37-38)
965 1720 1087 1810 ταύτην
1109 1715 1167 1790 οὖν
1285 1747 1355 1791 πα·

141 1827 427 1923 ραλαμβοίαοοσιν·
457 1836 566 1900 deinde
594 1858 668 1901 cum
695 1834 852 1924 proditum
875 1833 927 1912 sit,
955 1831 1070 1898 multos
1097 1834 1158 1896 iam
1180 1835 1311 1899 iuvenes
1334 1857 1354 1899 a

140 1939 305 2009 Chariclea
333 1943 468 2032 perditos
492 1967 577 2024 esse,
608 1946 711 2009 denuo
734 1944 869 2032 primum
892 1943 1037 2007 universe
1060 1941 1244 2023 ostenditur,
1273 1965 1354 2031 quo-

139 2050 235 2116 modo
264 2053 357 2117 etiam
386 2051 511 2118 Diniam
540 2054 802 2143 pessumdederit,
835 2063 903 2118 tum
938 2061 1002 2117 tota
1033 2053 1167 2116 narratio
1200 2054 1239 2116 ab
1267 2055 1353 2119 initio

139 2163 287 2249 repetitur
309 2163 356 2227 his
378 2163 497 2228 verbis:
524 2163 563 2233 τὸ
585 2164 729 2253 μὲνγὰρ
759 2167 892 2249 πρῶτον
914 2157 1018 2242 εὐθὺς
1040 2159 1148 2230 ἐκεῖνα
1174 2159 1226 2231 ἐπ’
1251 2159 1355 2233 αὐτὸν

99 2306 103 2311 ·
140 2269 259 2339 καθίει
279 2271 321 2338 τὰ
343 2277 562 2361 γραμματεῖα.

226 2380 373 2447 Similiter
395 2393 563 2473 postquam
580 2382 713 2449 relatum
736 2395 792 2463 est,
815 2381 1014 2448 Charicleam
1031 2383 1223 2447 omnimodo
1240 2381 1353 2450 Diniae

141 2512 281 2556 amorem
305 2513 397 2555 suum
427 2491 620 2579 significasse
649 2493 851 2582 additumque
874 2503 921 2558 cst
950 2513 976 2557 c.
993 2489 1068 2557 Xlll
1088 2493 1172 2571 (226,
1192 2494 1261 2578 27),
1289 2492 1352 2558 hac

140 2601 255 2665 amoris
279 2599 501 2688 significatione
523 2603 659 2667 maxime
681 2603 801 2668 incendi
824 2606 962 2681 iuvenes,
986 2603 1038 2689 qui
1060 2601 1180 2690 pulchri
1201 2622 1272 2666 esse
1293 2600 1351 2666 sibi

139 2708 304 2773 videantur
326 2710 439 2792 (dicere
463 2721 567 2777 autem
584 2713 716 2800 scriptor
738 2711 815 2793 vult,
838 2721 874 2776 ut
895 2720 1025 2800 apparet
1040 2734 1081 2775 ex
1095 2734 1163 2799 cap.
1179 2709 1256 2776 XlV
1271 2719 1351 2775 extr.

140 2818 406 2901 (227,11-12),
437 2821 508 2908 quia
532 2819 592 2886 bac
615 2823 729 2886 umoris
749 2820 971 2910 significatione
993 2819 1204 2901 adducantur,
1224 2829 1259 2885 ut
1282 2843 1352 2886 crc-

141 2927 216 2992 dant
237 2948 272 2992 se
295 2926 442 3015 pulchros
467 2952 537 2995 esse
561 2938 655 3019 atque
678 2929 797 3018 dignos,
821 2932 873 3018 qui
897 2931 1099 3010 amentur*),
1127 2932 1169 2996 ita
1190 2929 1252 2995 hoc
1274 2953 1351 3019 pru-

140 3035 249 3102 denter
271 3037 386 3103 dixisse
409 3037 464 3104 sibi
486 3038 618 3118 videtur,
640 3050 797 3129 utusque
820 3041 859 3105 ad
882 3041 1056 3105 satietatem
1080 3037 1110 3103 id
1128 3048 1264 3128 repetat,
1287 3062 1350 3108 non

141 3147 224 3211 enim
247 3145 357 3210 solum
373 3156 449 3213 extr.
466 3170 492 3212 c.
503 3146 583 3214 XlV
599 3149 709 3215 dicitur
720 3147 885 3216 Chariclea
908 3150 1012 3215 omnia
1027 3158 1155 3239 experta
1171 3173 1250 3229 esse,
1272 3150 1348 3215 dum

141 3255 310 3320 adduceret
332 3255 491 3338 iuvenem,
519 3267 554 3321 ut
576 3259 715 3324 crederet
737 3259 903 3348 pulchrum
927 3283 961 3325 se
985 3283 1056 3325 esse
1078 3258 1158 3341 (ἕως
1179 3260 1220 3349 δὴ
1245 3255 1263 3328 ὃ
1284 3285 1350 3344 μα·

141 3361 259 3453 καίριος
279 3362 425 3453 ἐπείσθη
447 3367 550 3446 καλὸς
571 3359 680 3450 εἶναι),
702 3367 756 3432 sed
780 3369 872 3433 etiam
891 3392 918 3434 c.
929 3366 1007 3434 XVl
1024 3369 1108 3450 (228,
1120 3370 1153 3450 8)
1177 3369 1255 3434 baec
1277 3392 1351 3436 sen-

141 3477 235 3541 tentia
258 3473 363 3565 paullo
392 3476 479 3542 aliter
502 3477 694 3542 conformata
725 3477 828 3544 denuo
851 3487 1027 3569 usurpatur.
1072 3475 1130 3542 Est
1158 3485 1263 3541 autem
1287 3477 1352 3545 hoc

141 3588 241 3652 lenuis
263 3586 384 3673 ingenii,
407 3587 431 3649 si
455 3586 528 3674 quid
545 3584 645 3676 lepide
669 3588 784 3655 dictum
801 3587 931 3667 videtur,
952 3588 981 3652 id
1004 3586 1050 3651 bis
1066 3596 1176 3673 terque
1198 3594 1350 3670 repetere.

226 3693 323 3775 Tum,
355 3717 428 3759 nam
455 3719 494 3760 ne
522 3693 584 3761 hoc
612 3697 752 3786 quidem,
783 3680 931 3787 'quamvis
959 3695 1030 3759 leve
1057 3696 1108 3772 sit,
1141 3690 1349 3758 omittendum

141 3811 203 3884 est,
232 3806 305 3893 quia
327 3805 419 3869 etiam
442 3827 482 3869 ex
504 3827 541 3870 eo
565 3805 760 3893 neglegentia
788 3805 945 3892 scriptoris
970 3803 1167 3890 perspicitur,
1196 3801 1225 3865 id
1250 3801 1349 3866 oflen-

140 3913 259 3979 sionem
288 3913 395 3994 habet,
424 3914 508 4003 quod
536 3937 562 3978 c.
580 3913 644 3978 XV
661 3912 740 3977 med.
759 3913 857 3992 (227,
872 3911 930 3990 22)
960 3910 1070 3976 dicitur
1092 3908 1256 3976 Chariclea
1284 3932 1348 3977 non

138 4023 201 4088 iam
231 4024 446 4112 frequentasse
477 4023 606 4086 domum
637 4021 746 4085 Diniae
776 4019 852 4098 (καὶ
881 4012 992 4084 οὐκέτι
1021 4016 1142 4108 ἐφοίτα
1174 4019 1260 4109 πρὸς
1286 4016 1348 4086 αὖ-

139 4133 211 4214 τόα,
236 4155 308 4199 cum
335 4154 387 4208 ea,
410 4152 492 4218 quae
515 4151 540 4192 c.
554 4127 632 4193 XVl
655 4130 740 4212 (228,
758 4130 877 4212 9-10(
898 4129 1044 4221 μέμψις,
1073 4126 1124 4196 ὅτι
1146 4128 1193 4217 μή
1215 4130 1349 4197 πολλοῦ

207 4387 234 4452 s)
268 4387 338 4448 Quid
363 4387 426 4436 huic
451 4387 489 4436 rei
511 4387 566 4435 veri
593 4386 671 4448 insit,
702 4388 800 4450 optime
824 4401 917 4438 censeo
941 4386 1061 4451 intellegi
1086 4401 1163 4450 posse
1187 4403 1220 4436 ex
1249 4385 1346 4438 fabula

138 4473 333 4539 Shakespearli,
354 4488 420 4537 quae
438 4472 604 4524 inscribitur:
623 4472 704 4524 Much
723 4472 772 4522 ado
791 4471 872 4523 about
889 4474 1009 4537 nothing.
