2856 4906
646 214 697 295 '29

66 399 236 470 absurdam
258 411 364 469 autem
388 422 459 467 eam
482 421 563 480 esse,
585 400 799 488 interpretum,
822 404 974 486 quantum
994 395 1096 479 video,
1122 397 1281 486 perspexit

63 509 219 597 nullus*).
264 509 347 596 Quid
376 508 500 577 multa?
538 507 660 576 Invadit
688 505 832 574 Bastiren
861 505 928 588 leo,
965 516 1048 574 astat
1081 506 1203 572 amicus
1232 528 1281 573 nr·

65 631 185 704 matus3
216 621 291 712 quid
313 629 424 711 putas,
451 642 585 711 puerum
607 620 638 684 in
662 615 714 683 tali
735 613 877 706 periculo
906 616 1060 683 iacturum
1083 618 1196 699 luisse,
1224 615 1282 682 nisi

65 754 142 822 prae
163 740 251 798 metu
273 740 376 797 mente
400 741 483 798 esset
506 727 640 820 captus?
665 750 777 817 nempe
800 725 924 794 leonem
941 749 1111 817 aggressus
1135 736 1228 808 esset,
1251 734 1284 794 et

68 839 172 930 gladio
196 851 252 908 aut
271 840 380 930 gulam
401 851 456 907 aut
477 849 588 931 pectus
605 840 690 906 ieras
711 838 881 927 petivisset.
914 836 998 904 Cum
1020 839 1113 927 igitur
1135 839 1159 904 si
1182 860 1283 928 aeque

68 973 107 1018 ac
129 975 207 1043 puer
229 953 392 1042 sapivisset
416 950 556 1032 Belittas,
580 948 705 1019 leonem
728 949 832 1016 statim
853 947 1034 1029 interficere,
1058 947 1197 1016 Basthen
1220 950 1284 1016 ior-

69 1072 154 1129 tasse
176 1085 302 1129 servare
323 1062 492 1151 potuisset,
521 1061 662 1150 scriptori
685 1081 747 1127 non
776 1059 852 1124 satis
873 1058 1069 1149 praeclarum
1095 1058 1285 1127 benevolen-

69 1174 130 1239 tiae
156 1196 234 1240 suae
264 1175 296 1239 in
325 1173 462 1238 amicum
490 1168 714 1237 documentum
747 1171 789 1236 ita
820 1169 949 1235 daturus
980 1169 1078 1234 luisse
1109 1168 1283 1237 videbatur.

67 1280 177 1373 ltaque
199 1284 341 1350 consistit
362 1283 392 1349 in
408 1293 497 1372 tergo
512 1281 621 1363 leonis,
642 1279 789 1347 irritando
806 1303 879 1346 eum
894 1281 924 1345 in
947 1303 983 1346 se
1004 1288 1146 1346 avertere
1169 1280 1284 1364 studet,

70 1390 183 1482 digitos
204 1416 262 1484 per
283 1393 393 1460 dentes
420 1393 538 1459 bestiae
560 1391 680 1472 inserit,
709 1399 744 1457 ut
767 1391 907 1457 amicum
931 1414 971 1456 ex
999 1412 1054 1456 ore
1082 1392 1148 1456 eius
1176 1389 1285 1458 liberet

70 1525 206 1592 cumque
229 1505 293 1570 iera
317 1527 336 1568 a
359 1505 541 1569 semianime
559 1500 678 1569 Bastha
701 1525 736 1569 ee
757 1503 788 1569 in
810 1500 957 1567 Belittam
980 1503 1126 1568 averterit
1147 1523 1285 1592 eumque

70 1611 217 1702 amplexa
241 1615 295 1697 sit,
324 1623 391 1681 tum
413 1614 474 1677 ianr
499 1614 636 1702 graviter
657 1611 839 1679 vulneratus
865 1612 1064 1700 moriensque
1087 1635 1157 1678 eam
1181 1622 1286 1680 trans-

70 1723 146 1813 figit.
189 1723 288 1815 Sapiit
310 1725 402 1814 igitur
424 1732 502 1804 tum,
525 1744 598 1789 cum
622 1724 648 1789 ei
671 1746 783 1813 sapere
804 1725 866 1790 iam
889 1745 952 1788 non
975 1720 1145 1811 prodesset.

155 1834 324 1903 Praeterea
346 1832 423 1900 iliud
447 1833 540 1901 etiarn
564 1834 763 1916 monendum,
790 1834 832 1899 ita
854 1855 920 1899 reru
945 1855 962 1897 a
986 1832 1135 1922 scriptore
1158 1834 1286 1915 narrari,

71 1947 161 2036 quasi
190 1945 252 2011 duo
276 1944 367 2011 amici
396 1941 454 2008 soli
480 1943 510 2008 in
538 1945 737 2011 venationem
765 1944 890 2024 iverint,
917 1965 1027 2022 nemo,
1055 1966 1129 2008 cum
1153 1967 1170 2008 a
1194 1942 1286 2010 leone

70 2056 267 2137 invadantur,
290 2077 439 2145 praesens
462 2054 557 2134 adsit3
585 2056 669 2142 atqui
692 2077 765 2121 cum
789 2056 879 2121 amici
902 2077 964 2121 una
989 2077 1061 2120 cum
1085 2052 1176 2120 leone
1199 2076 1286 2123 mora

71 2168 116 2232 tui
138 2175 253 2247 essent,
281 2165 350 2255 quis
373 2185 481 2230 eorum
505 2187 578 2229 cum
601 2164 698 2230 bestia
722 2182 929 2253 congressum
953 2164 1080 2253 Scythis
1104 2173 1166 2231 tarn
1191 2187 1287 2233 accu-

72 2286 138 2344 rate
161 2273 340 2343 enarravit?
363 2273 413 2341 De
435 2283 639 2340 monumento
662 2284 767 2341 autern
783 2273 865 2340 leoni
888 2276 972 2340 iacto
989 2272 1064 2340 nilril
1078 2273 1161 2341 aliud
1183 2275 1285 2342 habeo

72 2386 183 2468 dicere,
206 2387 263 2454 nisi
286 2383 370 2475 quod
387 2382 582 2450 Wielandius
603 2386 726 2451 iocatus
749 2393 804 2466 est,
827 2384 955 2476 dignum
972 2383 1033 2451 hoc
1048 2385 1145 2450 fuisse
1166 2383 1286 2452 honore

72 2497 205 2579 leonem,
228 2496 311 2587 quod
335 2496 365 2561 in
388 2494 519 2584 Scythia
541 2497 756 2586 peregrinatus
780 2504 872 2560 esset.

100 2646 103 2650 ss
159 2608 315 2672 Octavam
338 2605 447 2672 deinde
469 2607 599 2673 instituit
610 2604 744 2670 Toxaris
765 2607 974 2673 narrationem
990 2605 1122 2673 similem
1144 2607 1288 2676 lictanuu

73 2743 180 2787 earum
204 2717 311 2808 populi
337 2715 539 2796 fabellarum,
565 2717 732 2805 inquibus
762 2739 812 2782 res
834 2739 897 2783 non
924 2719 966 2783 ita
995 2718 1225 2801 describuntur,
1250 2727 1288 2785 ut

73 2842 155 2914 sunt,
181 2830 237 2896 sed
259 2839 294 2895 ut
316 2829 343 2894 ei
367 2848 439 2892 esse
460 2825 654 2909 videbantur,
682 2828 736 2916 qui
758 2825 880 2893 fabulas
903 2825 972 2894 illas
994 2826 1091 2912 finxit,
1119 2831 1149 2895 in
1173 2829 1287 2919 quibus

72 2942 215 3010 homines
238 2937 346 3006 humili
376 2936 447 3004 loeo
470 2937 533 3003 nati
555 2960 667 3027 regum
695 2935 774 3002 filias
798 2937 946 3005 adamare
967 2938 1125 3021 dicuntur,
1153 2963 1171 3006 a
1193 2964 1288 3031 nym-

73 3052 206 3143 pirisque
235 3059 266 3117 et
292 3049 409 3116 laribus
436 3048 531 3115 adiuti
559 3035 665 3112 multis
688 3047 781 3114 rebus
804 3050 902 3136 gestis
930 3072 1041 3138 regum
1068 3051 1174 3139 generi
1203 3053 1287 3119 exsi-

74 3172 165 3228 stere.
210 3160 276 3228 Sed
297 3171 333 3227 ut
356 3156 490 3251 pueriles
512 3179 633 3238 mores,
660 3180 775 3247 perse
798 3180 859 3224 non
881 3160 1008 3250 ingrati,
1031 3160 1056 3224 si
1080 3160 1151 3225 viris
1172 3162 1288 3243 insunt,

74 3269 251 3338 molestiam
274 3271 414 3349 aderunt,
437 3269 482 3334 sic
503 3265 636 3333 fabellae
651 3264 723 3332 illae
738 3291 886 3358 magnam
902 3268 1018 3335 liabent
1035 3268 1287 3357 oblectationem,

74 3379 155 3448 haec
178 3404 259 3470 quae
286 3381 315 3446 in
340 3377 502 3465 Taxaride
521 3378 602 3442 inest
628 3378 763 3444 narratio
793 3378 928 3444 taedium
952 3382 1038 3470 parit.
1084 3381 1153 3449 Hoc
1180 3393 1287 3452 autem

74 3494 141 3559 eius
164 3500 387 3582 argumentum
415 3498 471 3554 est.
517 3489 705 3553 Arsacomas
729 3486 866 3576 Scythes
894 3513 976 3555 arnus
1003 3516 1020 3555 e
1042 3492 1148 3560 multis
1171 3497 1288 3562 missus

74 3602 113 3669 ad
141 3625 248 3691 regem
272 3600 528 3690 Bosporanorum
552 3597 783 3680 Leuconorem,
810 3609 846 3664 ut
875 3600 1021 3666 tributum
1045 3606 1165 3694 exigat,
1193 3605 1288 3674 filiam

77 3713 143 3777 eius
167 3714 348 3780 adamat'et
373 3713 403 3778 in
427 3711 659 3777 matrimonium
690 3710 779 3799 petit,
808 3732 1000 3801 quamquam
1028 3738 1110 3780 unus
1135 3716 1173 3781 de
1196 3715 1288 3806 plebe

76 3830 133 3902 est,
156 3832 188 3888 et
207 3845 282 3910 rege
298 3825 425 3915 dignum
442 3846 477 3888 se
492 3844 641 3912 generum
659 3843 729 3886 esse
745 3830 842 3910 putat,
865 3824 947 3910 quod
968 3826 1086 3892 amicos
1103 3825 1182 3891 duos
1197 3850 1288 3915 prae·

75 3940 195 3999 stantes
219 3929 340 4002 habeat.
375 3934 440 4003 Sed
462 3934 523 4000 hoc
546 3953 608 3999 non
631 3931 721 3998 nimis
744 3931 918 4000 mirandum
935 3945 991 4017 est,
1014 3960 1086 4002 nam
1111 3938 1204 4003 etiam
1226 3937 1287 4022 ille,

145 4154 172 4222 e)
200 4150 368 4206 Wielandius
389 4156 496 4220 quidem
515 4154 606 4218 (Wiet.
620 4152 819 4219 Uebersetaung
836 4155 915 4206 Anm.
930 4155 973 4221 37)
993 4159 1083 4208 neseio
1105 4159 1176 4224 qnod
1194 4157 1287 4209 soliers

76 4242 217 4293 eonsilium
235 4243 265 4293 iu
282 4240 334 4293 heo
350 4244 499 4295 narratione
517 4243 570 4295 sibi
581 4240 747 4308 perspexisse
764 4242 876 4295 videtur.
911 4245 952 4297 De
970 4247 1029 4312 ipso
1042 4246 1153 4297 consitio
1171 4244 1216 4294 hio
1233 4243 1287 4295 dis·

74 4335 168 4395 putare
186 4346 240 4382 non
258 4331 366 4395 attinet,
390 4329 564 4381 illudentem
581 4329 753 4394 monendum,
777 4332 929 4397 scriptorem
947 4333 1102 4398 Toxaridis,
1126 4334 1149 4382 si
1168 4331 1209 4394 id,
1233 4347 1286 4399 quo

77 4432 137 4467 eum
154 4432 232 4470 usum
251 4432 308 4470 esse
325 4414 494 4468 Wielandius
511 4416 628 4483 credidit,
648 4420 789 4472 consilium
807 4420 832 4470 ei
850 4421 952 4483 suisset,
971 4437 1016 4486 pro
1031 4435 1079 4471 sua
1098 4418 1287 4474 consuetudins

77 4502 189 4557 verbose
206 4504 234 4557 id
251 4507 434 4573 expositurum
451 4506 543 4559 tuisse.
