2856 4906
715 229 778 295 100

141 425 245 495 neque
265 404 411 494 ignorare
431 409 610 492 potuerunt,
632 402 657 467 si
677 401 763 467 fama
784 406 908 479 tantum
930 396 970 465 de
993 398 1039 463 eis
1061 395 1101 463 ad
1121 394 1265 465 Graecos
1284 418 1359 488 per·

142 515 296 595 venisset,
323 535 427 601 neque
448 509 675 600 neglexissent,
702 512 728 576 si
749 531 812 576 non
833 510 1046 599 ignorassent,
1073 506 1183 573 tradita
1208 517 1296 590 sunt,
1323 517 1360 575 ut

143 624 278 691 breviter
300 624 404 691 omnia
427 621 637 713 complectar,
672 621 711 687 ab
739 642 777 686 eo
801 621 854 709 qui
876 641 952 686 vera
973 619 1112 709 prolerre
1133 639 1238 706 neque
1259 617 1362 687 voluit

142 758 246 824 neque
266 735 380 825 potuit,
413 732 566 814 inaudita,
600 729 783 821 singularia,
818 731 1008 820 quinetiam
1037 727 1227 796 incredibilia
1250 739 1281 796 et
1304 728 1361 796 ab·

144 844 254 926 surda,
292 853 437 934 potestne
471 843 564 932 igitur
597 839 727 907 dubium
762 863 846 922 esse,
882 842 956 930 quin
983 839 1055 908 ficta
1082 849 1114 907 et
1140 840 1361 908 commenticia

145 952 228 1023 sint?

230 1063 277 1131 Ad
300 1062 381 1130 hacc
404 1061 526 1129 accedit
548 1061 641 1129 etiam
663 1058 750 1140 illud,
773 1082 837 1150 quo
860 1083 910 1127 res
933 1063 989 1128 nisi
1005 1063 1068 1128 iarn
1089 1069 1245 1127 transacta
1266 1069 1362 1143 esset,

146 1175 379 1264 transigeretur,
403 1172 489 1263 quod
512 1170 705 1260 Scytharum
727 1193 862 1253 morum,
886 1173 940 1262 qui
960 1173 991 1238 in
1007 1169 1165 1237 Toxaridc
1186 1171 1362 1253 tradamur,

146 1307 217 1366 eos,
248 1284 288 1350 de
316 1282 429 1374 quibus
458 1283 645 1372 scriptorum
674 1282 735 1347 fide
757 1281 924 1370 dignorum
947 1281 1131 1348 testimoniis
1153 1278 1281 1348 iudicari
1301 1303 1362 1372 po-

147 1402 223 1476 test,
256 1396 421 1461 ementitos
447 1403 511 1459 'aut
543 1394 647 1481 inepte
681 1391 819 1458 detortos
848 1413 919 1458 esse
950 1398 1088 1481 apparet.
1142 1389 1189 1458 lta
1220 1389 1363 1462 inlisas

147 1510 187 1588 (c.
199 1505 241 1571 48
253 1504 345 1591 extr.)
369 1503 562 1593 Scytharum
585 1501 757 1569 absurdum
784 1502 942 1591 scriptoris
970 1499 1155 1590 figmentum
1178 1512 1264 1583 srmt,
1290 1504 1360 1569 loe-

147 1614 271 1704 dueque
292 1613 346 1681 ille
365 1636 437 1680 arsos
460 1613 641 1703 parentibus
669 1620 725 1679 aut
751 1612 881 1677 mortuis
905 1620 961 1677 aut
987 1610 1171 1693 interiectis,
1201 1633 1276 1679 cum
1295 1612 1362 1678 iam

148 1747 240 1795 senes
263 1734 393 1807 esseut,
406 1722 571 1804 vescendi,
594 1723 621 1788 si
643 1720 737 1788 ullius
760 1722 861 1810 gentis
883 1722 954 1802 luit,
984 1743 1048 1787 non
1071 1729 1138 1787 erat
1159 1719 1366 1811 Scytharum,

149 1856 229 1924 quas
251 1833 433 1901 Herodotus
455 1842 562 1900 vocat.
612 1831 663 1898 De
684 1830 884 1898 Issedonibus
911 1833 938 1896 is
962 1830 1070 1897 similia
1097 1831 1189 1898 tradit
1210 1829 1277 1913 (Ν,
1296 1833 1367 1916 26),

149 1945 286 2034 quinon
309 1953 383 2013 sunt
405 1942 545 2031 Scythae
568 1940 633 2026 (Ν,
647 1942 872 2025 lati-26),
899 1965 918 2007 a
941 1940 1069 2030 Scythis
1091 1951 1198 2008 autem
1220 1951 1367 2009 mortuos

149 2053 273 2144 sepeliri
293 2053 398 2144 prodit
413 2052 479 2137 (Ν,
490 2053 643 2138 7.]-73),
667 2053 719 2141 [cl.
732 2049 786 2131 Ν,
802 2054 841 2118 18
855 2051 940 2137 μετὰ
964 2052 1003 2121 δὲ
1016 2051 1077 2141 τήν
1097 2048 1219 2141 ἔρημον
1241 2048 1366 2140 ἀνδρο-

149 2160 258 2254 φάγοι
279 2160 436 2244 οἰκέουσι,
459 2161 562 2244 ἔθνος
583 2160 640 2233 ite
661 2159 752 2233 ’s'dtov
773 2163 831 2231 καὶ
853 2159 1010 2248 οὐδαμῶς
1031 2158 1210 2244 Σκυθικόν,
1233 2171 1265 2230 et
1280 2183 1367 2252 quae

149 2274 189 2343 de
203 2274 322 2341 eisdem
338 2273 482 2342 dicuntur
497 2273 563 2358 (Ν,
578 2275 652 2362 106)
674 2271 1010 2365 ἆοθρωποφαγέοοοι
1029 2278 1151 2360 μοῦνοι
1171 2268 1310 2356 τούτων,
1333 2283 1367 2341 et

151 2408 233 2475 quae
261 2385 301 2451 de
324 2384 511 2474 Massagetis
535 2385 698 2451 traduntur
725 2384 765 2469 (l,
783 2387 860 2470 216)
893 2385 997 2454 ἐπεὰν
1024 2387 1063 2456 δὲ
1089 2388 1195 2474 γέρων
1227 2385 1368 2474 γένηται

149 2491 254 2584 κάρτα
276 2503 347 2577 etc,
371 2504 402 2561 et
424 2496 565 2562 eiusdem
587 2497 695 2585 cepitis
718 2497 815 2586 prima
841 2498 933 2564 haec:
956 2496 995 2566 ad
1018 2496 1081 2587 γὰρ
1100 2492 1238 2577 Σκύθας
1259 2496 1367 2586 φασιν

140 2601 298 2694 Ἕλληνος
324 2606 472 2688 ποιέειν,
503 2602 544 2675 οὐ
564 2595 699 2674 Σκύθαι
727 2603 811 2675 εἰσὶν
839 2602 873 2678 οἱ
901 2609 1076 2689 ποιέοντες
1103 2605 1191 2678 ἀλλὰ
1212 2615 1367 2679 Μασσα-

149 2718 257 2805 γέται]
272 2718 304 2802 ¹).

234 2825 285 2893 De
307 2824 504 2893 iureiurando
527 2837 634 2894 autem
657 2826 851 2916 Scytharum
880 2830 974 2896 etiam
996 2827 1177 2919 Herodotus
1204 2827 1261 2897 sed
1286 2848 1365 2917 pru·

150 2933 259 3002 denter
280 2933 421 3016 tradidit3
456 2944 488 3001 at
509 2935 673 3002 'loxaridis
696 2940 904 3028 scriptores,
933 2961 1014 3029 quae
1036 2941 1075 3005 de
1097 2937 1257 3004 lberorum
1276 2936 1362 3025 regi·

149 3044 209 3111 bus
248 3044 379 3133 aliisque
407 3044 558 3112 ‘barbaris
599 3046 639 3113 ad
676 3046 813 3115 Pontum
847 3048 1005 3115 Euxinum
1044 3047 1256 3115 habitantibus
1298 3056 1364 3115 tra·

150 3153 225 3223 didit
251 3154 398 3238 Tacitus,
432 3177 579 3244 quaeque
608 3157 648 3223 de
675 3157 802 3245 Scythis
833 3158 967 3248 prodidit
993 3159 1189 3240 Herodotus,
1220 3159 1265 3223 ita
1292 3178 1368 3247 per-

150 3265 287 3345 miscuit,
324 3274 358 3330 ut
389 3267 500 3354 inepta·
521 3267 582 3331 sint
612 3279 673 3347 ea,
698 3290 779 3355 quae
806 3277 929 3350 narrat;
962 3268 1046 3358 quod
1079 3269 1280 3335 manifestum
1308 3269 1368 3335 erit

151 3374 310 3456 omnibus,
343 3375 455 3463 quibus
483 3375 599 3443 Herod.
616 3375 670 3460 Ν,
688 3379 731 3443 70
753 3386 847 3466 atque
870 3377 970 3449 Tacit
988 3375 1099 3445 Annal.
1115 3377 1193 3461 Xll,
1211 3379 1255 3444 47
1289 3400 1367 3447 cum

150 3482 323 3555 Taxes?
347 3486 487 3552 conferre
509 3484 623 3554 libebit

236 3593 418 3662 Absurdum
438 3618 514 3662 vero
537 3606 754 3665 commentum
770 3607 833 3679 est,
856 3598 1001 3665 Orestem
1024 3607 1056 3664 et
1070 3595 1227 3686 Pyladem
1247 3597 1368 3688 aScy-

150 3702 212 3771 this
246 3727 318 3771 esse
343 3704 447 3772 cultos
480 3727 654 3795 eorumque
686 3717 810 3776 veteres
841 3710 976 3798 pictores
1010 3709 1148 3775 lacinora
1181 3698 1376 3794 amicorum,

150 3814 362 3883 suisscilicet·
375 3815 473 3883 oculis
497 3818 695 3906 conspicatus
719 3818 895 3909 depinxisse
915 3820 946 3885 in
970 3816 1076 3908 templi
1096 3817 1268 3907 parietibus
1289 3841 1368 3887 cum

148 3972 350 3993 -t-——unhn-

226 4067 245 4136 ¹)
263 4073 424 4125 Posteriores
442 4073 561 4142 plerique
579 4075 718 4142 scriptores
730 4089 799 4139 eum,
819 4079 849 4126 ut
861 4077 914 4127 ism
927 4092 1007 4143 supra
1018 4078 1232 4141 commemoravi,
1243 4077 1365 4131 dismas

148 4159 262 4226 populos
280 4165 414 4214 communi
431 4164 610 4231 geographico
628 4165 734 4214 nomine
752 4163 910 4230 Scytharum
929 4172 1068 4229 vocarent,
1093 4181 1137 4229 ea,
1166 4180 1235 4232 quse
1253 4166 1285 4217 de
1302 4165 1367 4217 aliis

149 4248 254 4314 populis
272 4250 376 4314 prodita
394 4257 475 4313 erant,
494 4250 651 4316 Scytharum
670 4265 728 4299 esse
745 4250 919 4315 tradiderunt3
939 4258 1053 4304 attamen
1068 4270 1122 4304 non
1134 4253 1366 4318 existimaverunt,

149 4335 257 4386 illorum
268 4337 424 4403 Scytharum
442 4353 473 4387 ea
492 4351 557 4399 esse,
577 4352 643 4400 quos
661 4336 812 4386 Herodotus
832 4338 993 4404 singularem
1011 4344 1116 4406 gentem
1134 4354 1191 4390 esse
1209 4341 1366 4406 affirmavit3

149 4423 271 4474 nonnulli
289 4431 376 4475 autern
395 4424 605 4490 neglegentiores
628 4421 667 4489 [ut
684 4423 819 4476 Lucienus
831 4425 903 4477 Dial.
916 4427 995 4478 Deor.
1008 4427 1079 4489 XVI,
1094 4425 1110 4478 l
1123 4424 1195 4490 (109,
1202 4425 1320 4493 27-28)
1341 4435 1368 4481 et

150 4509 197 4574 qui
215 4525 275 4562 eum
292 4512 410 4564 imitatus
429 4516 469 4562 est
482 4510 623 4562 Taxaridis
642 4509 762 4577 scriptor]
783 4514 861 4565 etiarn
879 4513 1008 4567 Herodoti
1027 4513 1136 4582 Scythis
1154 4530 1187 4569 aa
1203 4514 1366 4571 maneant
