2856 4906
672 194 717 261 85

99 377 155 439 aut
174 366 261 437 illam
282 368 385 458 ipsam
407 387 425 433 a
447 365 597 455 scriptore
626 364 782 433 detortam
810 387 882 434 esse
904 375 936 432 et
957 363 1201 435 Massiliensibus
1225 369 1310 435 attri-

97 479 216 547 butam.
249 479 354 567 Atque
372 476 531 566 quoniam,
552 483 587 539 ut
603 473 694 554 hanc,
716 498 814 566 quam
836 474 934 556 attuli,
950 475 1173 543 Atheniensem
1195 476 1309 566 legem,

97 591 141 656 ita
162 587 281 671 illam¹t
308 586 347 651 de
368 584 560 651 matrimonio
581 585 759 673 virginitate
780 586 941 651 interiecta
965 585 1178 653 contrahendo
1201 584 1309 652 litteris

99 697 243 765 didicisse
272 696 403 786 scriptor
434 696 551 784 potuit,
584 715 624 759 ne
653 715 693 758 ex
720 692 781 760 hoc
810 693 934 784 quidem
957 697 1058 763 conici
1083 706 1202 788 potest,
1236 718 1309 762 eum

99 817 154 876 aut
169 802 353 873 Caracallae
375 812 477 870 aetate
500 811 554 869 aut
577 810 648 868 ante
671 801 755 868 lrunc
777 804 994 894 imperatorem
1011 807 1116 889 luisse,
1139 807 1222 897 quod
1238 816 1310 897 post

100 918 166 983 eius
196 914 447 981 constitutionem
476 913 716 979 Antoninianam
748 912 787 979 de
816 915 942 980 civitate
976 917 1081 982 variae
1114 916 1307 1006 singularum

99 1025 330 1118 provinciarum
355 1033 449 1110 atque
472 1021 596 1088 urbium
618 1020 706 1112 leges
730 1023 886 1112 exstingui
909 1033 1040 1115 coeptae
1063 1027 1131 1091 sint.

183 1135 240 1200 His
272 1133 456 1198 examinatis
484 1133 665 1222 priusquam
694 1130 734 1197 ad
762 1155 813 1214 ea,
849 1155 929 1223 quae
957 1134 996 1200 de
1024 1133 1184 1200 Demetrio
1213 1144 1308 1224 atque

97 1241 254 1337 Antiphilo
270 1251 435 1308 narrantur
449 1241 672 1331 perscrutanda
694 1251 829 1324 transeo,
850 1243 1072 1334 exponendum
1089 1244 1160 1310 milri
1176 1244 1308 1326 videtur,

98 1375 194 1444 quam
227 1351 391 1441 legemrin
424 1351 576 1417 eiusmodi
604 1354 697 1417 rebus
727 1353 974 1442 pervestigandis
1007 1354 1202 1442 sequendam
1237 1377 1307 1421 esse

27 1479 29 1482 ’
96 1484 253 1544 censeam,
276 1461 361 1552 quod
384 1483 422 1526 ea
444 1459 589 1549 neglecta
612 1461 642 1527 in
665 1461 760 1527 miros
783 1459 924 1527 homines
940 1462 1067 1551 quidam
1084 1464 1166 1530 docti
1187 1485 1306 1546 errores

95 1571 214 1641 inducti
236 1580 318 1637 sunt.
357 1569 535 1637 Videndum
550 1571 633 1636 enim
648 1579 705 1652 est,
728 1581 832 1637 utrum
856 1573 907 1661 qui
929 1594 979 1638 res
1001 1583 1105 1638 narret
1119 1573 1179 1639 fide
1195 1575 1308 1663 dignus

98 1687 145 1765 sit,
169 1704 229 1751 nec
250 1704 306 1763 ne,
330 1702 476 1770 quaeque
497 1679 578 1746 fidus
594 1690 706 1746 auctor
720 1679 851 1762 tradidit,
872 1703 947 1747 vera
964 1704 1035 1748 esse
1049 1683 1204 1750 credenda
1227 1693 1309 1765 sunt,

97 1793 217 1860 etiamsi
240 1791 279 1856 ab
303 1812 341 1857 eo
364 1813 428 1856 uno
451 1791 641 1871 referuntur,
668 1791 725 1856 nisi
753 1789 805 1857 vel
832 1790 1017 1860 firmioribus
1044 1794 1236 1884 argumentis
1266 1815 1307 1859 ex

97 1902 163 1970 aliis
182 1903 303 1992 scriptis
316 1903 419 1992 petitis
434 1901 558 1966 relutari
580 1901 791 1989 possunuvet
806 1924 861 1992 per
877 1924 912 1966 se
927 1900 991 1967 fieri
1007 1925 1044 1968 ca
1059 1926 1120 1970 non
1135 1927 1231 1995 posse
1253 1913 1309 1969 aut

95 2012 235 2104 potuisse
257 2019 353 2100 patet.
397 2008 480 2075 Cum
503 2018 608 2075 autem
631 2031 694 2075 non
717 2019 821 2075 certus
844 2020 954 2077 auctor
975 2015 1128 2078 nonsatis
1151 2011 1308 2079 credibilia

97 2121 235 2204 tradidit,
256 2117 517 2210 perscrutandum
539 2127 602 2199 est,
625 2126 729 2186 utrum
751 2120 870 2186 inscitia
894 2130 924 2186 et
946 2120 1143 2213 neglegentia
1166 2147 1204 2189 ea
1227 2121 1306 2188 lalso

59 2300 62 2307 ,
97 2230 262 2313 tradiderit,
286 2253 325 2298 an
348 2228 491 2297 consulto
513 2226 643 2294 finxerit.
679 2230 783 2320 Atque
806 2251 880 2296 cum
902 2231 932 2296 iu
956 2233 1009 2313 eis,
1032 2255 1113 2319 quae
1135 2232 1254 2298 inscitia
1277 2241 1308 2297 et
1404 2235 1410 2248 ’

94 2339 293 2432 neglegentia
316 2340 395 2407 lalso
418 2347 541 2408 narrata
565 2346 652 2420 sunt,
674 2337 790 2430 aliquid
813 2341 877 2405 veri
899 2339 1002 2406 inesse
1024 2340 1138 2425 soleat,
1162 2342 1222 2408 hoc
1244 2362 1306 2408 non

93 2479 295 2491 ...ι-ι..-

174 2549 194 2612 ¹)
213 2547 379 2628 Quamquam
396 2545 463 2598 mihi
480 2547 595 2598 maxime
614 2544 724 2598 dubium
742 2551 790 2612 est,
808 2562 872 2598 num
891 2535 996 2600 omnino
1014 2550 1095 2601 ullam
1108 2555 1205 2602 certam
1223 2550 1308 2616 legem

95 2634 128 2685 de
152 2636 319 2687 matrimonio
348 2635 502 2701 uirginitate
527 2634 715 2686 interfecta
744 2635 920 2687 contrahendo
944 2636 989 2687 hic
1015 2639 1126 2704 scriptor
1155 2639 1307 2704 respexerit.

96 2720 225 2795 Iacobus⁴
240 2722 345 2787 quidem
371 2722 452 2787 (,Tox.
469 2737 495 2786 p.
511 2718 560 2784 93)
586 2738 619 2772 ex
645 2723 739 2773 Meieri
768 2721 859 2774 libello
891 2723 922 2773 do
951 2723 1070 2775 doctrina
1091 2725 1181 2775 Attica
1209 2725 1307 2776 sorensi

96 2811 137 2876 (p,
154 2809 203 2874 67)
227 2809 355 2875 quaedam
378 2807 466 2872 affert,
494 2814 525 2857 ut
546 2808 676 2860 eiusmodi
700 2809 785 2875 legem
810 2808 880 2874 apud
900 2810 1075 2862 Athenienses
1098 2812 1180 2863 luisse
1204 2811 1306 2878 probet,

94 2897 140 2948 sed
170 2897 275 2957 librum¹
297 2896 390 2946 Moieri
418 2896 549 2960 inspicere
581 2895 649 2946 milri
681 2912 735 2946 non
769 2897 846 2946 licuit
877 2901 956 2962 atquo
987 2913 1079 2949 vereor
1106 2915 1154 2963 ne,
1190 2916 1258 2964 quac
1289 2914 1305 2950 a

93 2984 190 3036 Meiero
220 2985 340 3050 exposita
368 2988 429 3034 sunt
453 2981 581 3046 lacobus,
612 2987 643 3032 ut
671 2983 752 3048 solet,
782 2983 851 3034 mele
877 2984 1045 3037 intellexerit.
1094 2987 1124 3036 ln
1148 2992 1211 3037 noto
1234 2986 1305 3039 onim

94 3070 142 3122 illo
163 3070 231 3122 libro
256 3071 351 3137 (Maior
376 3069 432 3120 und
450 3068 615 3132 Sohbmann,
645 3068 771 3120 attischer
786 3069 910 3134 Process)
935 3071 1004 3138 legis
1029 3073 1086 3123 eius
1109 3073 1211 3139 generis
1235 3087 1306 3122 men·

94 3158 132 3209 tio
154 3158 229 3209 nulla
250 3158 320 3208 facta
341 3163 394 3221 ost,
424 3155 470 3206 sed
484 3160 594 3206 tantum
619 3155 727 3207 docetur
746 3155 786 3221 (p.
801 3153 868 3222 409)
882 3159 953 3224 solo,
972 3167 1002 3212 ut
1020 3162 1058 3212 ita
1076 3160 1161 3211 dicam
1179 3176 1231 3211 usu
1249 3159 1307 3223 (aut

97 3243 282 3308 contubernio;
300 3249 441 3311 utrumqne
458 3241 618 3295 vocabulum
637 3257 684 3292 cur
702 3259 754 3294 non
773 3245 837 3295 satis
856 3252 915 3319 apte
934 3246 986 3298 hoc
1004 3247 1062 3298 loco
1074 3249 1196 3314 usurpari
1212 3248 1306 3312 possit,

96 3333 216 3384 homines
235 3331 307 3383 docti
324 3332 377 3398 ipsi
399 3330 564 3400 intellegent)
591 3330 624 3381 ad
646 3329 744 3382 liberos
769 3333 942 3396 procreandos
966 3335 1162 3386 matrimonium
1187 3333 1307 3385 contrahi

95 3420 244 3489 potuisse(
248 3457 325 3475 .....
339 3420 385 3471 das
411 3419 500 3472 blosse
520 3418 793 3470 Zusammenrrohnen
817 3421 847 3470 in
873 3420 918 3471 der
939 3419 1066 3484 Absicht,
1093 3437 1138 3471 um
1161 3419 1307 3487 gesetalich

95 3508 198 3560 Kindor
216 3524 250 3560 au
270 3524 380 3574 aeugon,
400 3508 441 3558 die
459 3523 507 3559 aur
524 3506 636 3559 Familia
655 3506 700 3557 des
713 3505 805 3557 Vaters
823 3507 939 3576 geho'ren
958 3508 1062 3573 sollten,
1082 3507 1128 3559 das
1146 3508 1245 3558 Dasein
1264 3507 1309 3558 der

95 3596 153 3649 Ehe
170 3595 345 3665 begriindet);
375 3597 439 3647 dicit
462 3594 568 3661 quidem
592 3593 671 3644 homo
697 3593 790 3644 doctus
810 3592 931 3660 (p.412):
1029 3595 1133 3646 freiliclr
1151 3594 1247 3647 beruht
1265 3594 1308 3644 die

89 3685 250 3749 -Annahme‚
278 3685 340 3735 dass
361 3683 437 3749 jener
459 3683 530 3734 dieso
553 3681 699 3749 (stuprirte)
725 3697 759 3731 nu
783 3682 920 3733 ehelichcn
937 3683 1102 3749 rerpflichtat
1120 3698 1240 3750 gewesen
1259 3682 1307 3746 soi,

95 3774 144 3826 aul
158 3773 363 3840 Acusserungen
381 3772 425 3822 der
442 3769 578 3833 Komiker,
598 3767 661 3821 aber
679 3768 740 3819 dass
759 3769 803 3820 ein
821 3769 989 3821 Solonisches
1008 3770 1102 3822 (iosotn
1121 3768 1308 3821 ausdriicklioh

95 3861 180 3911 dieser
197 3858 334 3909 Annahrne
357 3859 544 3922 widerstreite,
578 3856 650 3907 kann
679 3857 722 3907 ich
746 3856 822 3907 nicht
846 3856 979 3923 augeben5
1007 3857 1053 3907 sed
1075 3859 1188 3924 primum
1209 3874 1243 3909 no
1264 3857 1308 3907 his

96 3946 201 4015 quidem
213 3944 347 4012 probatur,
366 3947 433 3997 solo
452 3944 647 4010 concubitu,
667 3950 697 3995 ut
709 3943 820 3996 lacobus
833 3944 901 4007 vult,
920 3945 1116 3995 matrimonium
1129 3945 1307 4014 contrahipo·

95 4036 180 4088 tuisse
186 4051 193 4099 ;
212 4033 306 4084 deinde
319 4049 352 4083 ex
363 4034 467 4085 Solonis
479 4034 547 4100 lego,
567 4048 621 4098 qua
631 4032 850 4099 puniebatur,
870 4031 916 4096 qui
935 4031 1064 4096 virginem
1083 4048 1099 4082 a
1117 4047 1146 4082 se
1164 4019 1311 4098 stupratam

95 4137 205 4176 uxorem
219 4121 312 4171 ducere
330 4118 445 4183 nolebat,
465 4136 499 4171 ac
516 4137 577 4172 non
596 4119 792 4187 cogebatur,
811 4123 846 4169 ut
863 4134 930 4170 eam
948 4134 1079 4170 uxorem
1099 4120 1244 4179 duceret,
1263 4132 1308 4182 ap·

95 4216 185 4279 paret,
203 4225 258 4261 non
270 4209 368 4274 ,utique
385 4207 532 4274 obligatum
550 4209 633 4260 fuisso
651 4223 720 4270 eum,
739 4207 786 4272 qui
804 4208 935 4275 virginem
954 4211 1136 4275 stuprarisset,
1156 4211 1186 4254 ut
1205 4219 1261 4255 eam
1280 4204 1308 4255 in

90 4299 292 4352 matrimonium
310 4300 466 4357 assumeret;
494 4296 600 4348 multari
618 4304 707 4349 autem
732 4311 806 4359 oum,
832 4295 879 4361 qui
901 4298 1081 4364 virginitatem
1103 4292 1207 4361 puellae
1224 4291 1309 4343 riola·

96 4388 167 4440 verit
189 4402 274 4454 neque
297 4399 355 4435 cam
378 4398 487 4436 uxorem
512 4385 605 4436 ducere
628 4386 708 4450 velit,
736 4400 821 4452 neque
845 4386 925 4435 unius
948 4382 1039 4449 populi
1057 4379 1228 4433 Atheniensis
1253 4385 1309 4433 orat

96 4489 184 4546 nequa
202 4479 287 4529 outae
304 4471 443 4528 cniusdam
462 4472 556 4525 aeteus
574 4477 623 4524 cst.
