2856 4906
656 176 698 242 89

72 346 169 414 fuisse
179 347 211 431 ¹).
246 345 342 433 Quod
357 367 433 413 vero
451 342 561 412 dicitur
574 343 688 412 horum
704 343 828 413 dimidia
850 367 923 428 pars
944 353 1030 412 trane
1045 345 1162 412 flumen
1176 345 1283 431 trrieee,

70 457 211 548 ineptum
239 479 310 522 esse
336 454 536 525 mendacium
566 463 668 546 patet;
701 478 805 545 neque
832 455 963 523 adhoc
991 462 1143 545 exparte
1170 454 1282 524 saitem

70 566 268 659 probandum
296 565 433 642 adhiberi
461 574 564 655 potest
589 562 811 656 Xenophontis
839 564 893 632 ilie
920 564 1011 632 iocus
1040 562 1224 647 (Memorab.
1248 564 1283 649 li,

75 682 103 760 1,
118 680 169 760 10)
185 677 220 746 ἐν
236 677 275 747 dd
287 680 330 767 τῇ
339 672 489 767 Εὐρώπῃ
498 672 634 744 Σκύθαι
643 675 704 761 μὲν
719 669 867 765 ἄρχουσι,
881 680 1048 745 Μαιῶται
1063 675 1102 745 dd
1116 669 1281 766 ἔρχονται,

73 789 127 880 qui
155 787 298 855 homines
326 788 436 854 doctos
463 796 587 878 praeter
613 809 682 853 rem
709 808 901 877 magnopere
927 787 1108 875 exagitavit.
1158 786 1284 856 Tenen-

72 899 150 966 dum
171 900 253 966 enim
274 898 359 979 illud,
379 895 626 989 Xenophontem
649 919 712 964 non
734 895 960 988 geographiam
983 897 1098 966 docere
1113 896 1206 981 velie,
1227 898 1284 966 sed

74 1009 157 1077 aliud
180 1018 325 1100 agentem
339 1009 372 1075 in
387 1004 533 1098 exemplo
550 1007 589 1073 ad
604 1008 667 1075 hoc
681 1005 879 1097 probandum
901 1008 1059 1076 afferendo
1081 1006 1284 1100 neglegenter

74 1120 113 1188 de
128 1118 258 1187 Maeotis
280 1116 361 1185 falsa
382 1117 531 1209 proferre.
561 1114 647 1184 Nam
662 1126 734 1183 utut
748 1116 838 1185 locus
861 1116 1078 1209 explicatum),
1100 1117 1163 1187 hoc
1177 1127 1284 1190 tamen

73 1239 192 1311 certum
205 1238 265 1311 est,
275 1250 440 1319 perperam
454 1227 607 1294 obnoxios
618 1227 843 1319 Europaeos
859 1226 1079 1312 diciMaeotas,
1095 1251 1168 1296 oum
1179 1229 1286 1298 Asiani

72 1342 142 1408 sint.
185 1337 271 1406 Nihil
292 1339 386 1427 igitur
409 1361 449 1405 ex
472 1338 628 1406 hocloco
652 1339 691 1405 de
712 1338 856 1428 Scythis,
878 1359 982 1427 neque
1005 1338 1044 1405 de
1065 1361 1175 1406 eorum
1198 1348 1284 1408 trans

72 1451 206 1519 Tanaim
227 1451 313 1532 sede,
334 1472 438 1539 neque
460 1450 504 1515 eis
527 1469 679 1537 umquam
700 1448 865 1538 imperium
887 1448 917 1514 in
932 1445 1074 1516 Maeotae
1089 1450 1186 1517 tuisse
1208 1471 1285 1519 con·

71 1563 177 1632 iectari
198 1570 313 1653 potest.
498 1639 501 1644 Ι

159 1671 258 1738 Porro
283 1691 345 1761 quo
368 1677 512 1761 ternpore
532 1667 700 1736 Leuoanor
722 1677 754 1736 et
775 1666 928 1736 Eubiotus
950 1669 981 1736 in
1003 1669 1148 1761 Bosporo
1171 1693 1284 1763 regna-

72 1783 187 1865 verint,
216 1783 295 1849 inter
316 1779 458 1848 homines
482 1780 593 1847 doctos
623 1779 835 1847 controversia
860 1789 921 1862 est;
952 1791 1082 1872 apparet
1106 1783 1200 1872 igitur
1221 1806 1285 1854 non

71 1915 167 1986 posse
194 1916 235 1959 ex
256 1892 315 1974 eis,
349 1913 432 1980 quae
460 1890 499 1957 de
525 1887 575 1955 his
601 1889 728 1980 regibus
758 1912 777 1955 a
800 1887 828 1955 Τ
832 1889 966 1957 oxaridis
995 1892 1146 1983 scriptore
1172 1893 1284 1963 tradita

73 2004 142 2085 sint,
165 2010 300 2069 aetatem
318 2002 384 2067 eius
401 1999 532 2089 exquiri.
559 2001 705 2065 Attamen
720 1997 862 2090 pluribus
878 2000 981 2068 verbis
1004 2002 1042 2068 de
1063 2002 1173 2069 haere
1188 2003 1285 2072 disse-

73 2115 206 2181 rendum
236 2121 284 2179 est
318 2120 413 2200 atque
446 2106 740 2188 demonstrandum,
773 2112 889 2176 *omnes
924 2112 976 2199 qui
1003 2110 1221 2182 Leucanorem
1254 2125 1286 2184 et
1376 2122 1380 2128 ’

73 2223 244 2291 Eubiotum
266 2245 396 2290 numero
419 2243 532 2312 regum
547 2218 807 2309 Bosporanorum
826 2219 1009 2287 inseruerint
1032 2244 1161 2288 errasse.
1199 2223 1284 2293 Cum
1329 2295 1332 2299 ,

73 2356 150 2426 ergo
173 2334 261 2401 alteri
270 2337 304 2421 ⁸),
327 2333 412 2426 quod
435 2335 578 2424 ignotum
601 2331 649 2409 eit,
673 2329 726 2418 qui
748 2338 822 2418 post
843 2329 1035 2420 Spartacum
1058 2335 1213 2423 (regnavit
1233 2334 1285 2406 hic

72 2467 91 2513 a
113 2446 298 2512 303-288
320 2453 384 2512 ant.
407 2441 482 2510 Chr.
506 2446 548 2526 n.)
571 2439 786 2530 regnaverint,
807 2438 835 2505 ei
858 2437 929 2506 ilios
950 2443 1143 2509 successisse
1165 2453 1285 2536 putent,

72 2555 159 2624 aiteri
173 2557 197 2640 ⁴)
226 2556 453 2623 Antoninorum
476 2563 618 2641 tempore
640 2570 695 2616 eos
723 2549 749 2616 si
778 2571 841 2618 non
863 2551 959 2626 totius
980 2552 1116 2642 Bospori
1144 2563 1284 2626 attamen

71 2668 171 2757 partis
191 2667 356 2756 imperium
378 2664 519 2731 tenuisse
539 2659 738 2740 arbitrentur,
760 2663 847 2750 prius
869 2662 1085 2729 examinemus
1107 2666 1285 2754 opinionem

72 2779 207 2869 priorem
239 2775 462 2866 fingamusque
488 2771 620 2839 Luciani
656 2778 799 2860 tempore
827 2771 980 2860 seriptum
1008 2795 1079 2840 esse
1110 2772 1282 2866 dialogum,

72 2909 266 2978 quamquam
289 2908 363 2952 eum
384 2892 458 2975 post
477 2881 559 2950 iliius
578 2889 715 2947 aetatem
731 2882 883 2972 scriptum
898 2904 969 2949 esse
984 2884 1187 2969 ostendimus,
1208 2910 1284 2957 corr·

74 2997 289 3088 cedamusque
312 2995 397 3085 quod
419 2993 546 3059 minime
570 2990 823 3072 concedendum,
850 3013 953 3080 neque
976 3015 1178 3081 quaeramus,
1202 2997 1286 3067 unde

73 3128 123 3173 res
147 3109 342 3197 privatorum
364 3103 542 3187 hominum,
571 3103 623 3193 qui
646 3110 793 3191 quattuor
815 3101 950 3169 saeculis
973 3112 1046 3169 ante
1068 3126 1141 3172 eum
1163 3100 1285 3193 fuerint,

73 3224 140 3282 tarn
169 3224 317 3282 accurate
345 3213 511 3282 Toxandis
539 3214 673 3303 scriptor
702 3213 896 3301 cognoverit.
944 3215 987 3280 At
1013 3212 1088 3281 illud
1117 3217 1285 3309 interrogo,

73 3347 138 3416 quo
160 3327 227 3393 iure
248 3325 390 3394 homines
419 3324 501 3391 docti
530 3346 583 3407 ea,
617 3344 699 3413 quae
726 3324 858 3412 scriptor
886 3325 951 3390 suis
979 3325 1171 3416 temporibus
1200 3330 1284 3400 facta

25 3436 26 3439 ’
73 3459 145 3504 esse
167 3436 255 3521 dicit,
286 3445 435 3526 quattuor
455 3432 591 3503 saeculis
614 3442 687 3500 ante
716 3434 859 3500 evenisse
886 3431 1051 3500 affirment.
1098 3434 1286 3528 Responde-

73 3547 151 3615 bunt
177 3547 287 3619 credo:
325 3547 440 3632 „refert
473 3555 583 3613 auctor
609 3543 812 3637 Bosporanus
845 3542 1060 3636 stipendiarios
1092 3549 1284 3636 Scytharum

147 3768 166 3838 ¹)
185 3772 278 3826 Strabo
297 3775 331 3840 li,
349 3773 376 3840 5,
395 3776 421 3839 ὅ.
431 3772 476 3838 30,
493 3789 520 3841 p·
531 3770 583 3828 128
602 3773 700 3838 (Kram.
720 3773 740 3838 i,
758 3788 786 3838 p.
796 3769 857 3836 195,
875 3788 901 3824 v.
913 3770 957 3838 17)
976 3777 1002 3824 et
1018 3771 1110 3825 multis
1128 3772 1189 3826 aliie
1207 3774 1284 3831 loeis.

72 3860 141 3916 Ptol.
159 3862 204 3925 Vl,
225 3858 338 3915 13-15.
373 3862 511 3913 Neumann
529 3860 547 3912 l.
566 3876 591 3910 a.
609 3876 637 3926 p.
648 3858 708 3924 171,
722 3856 782 3924 147,
802 3864 856 3911 not.
864 3857 891 3923 4,
909 3875 935 3926 p·
944 3857 1007 3925 214,
1024 3867 1078 3914 not.
1089 3860 1114 3915 3.

145 3947 165 4012 ²)
184 3947 225 3999 Cf.
242 3948 336 3999 Naum.
353 3948 373 3998 l.
386 3965 410 4000 a.
428 3966 455 4016 p.
465 3947 526 4002 216.
564 3947 594 3998 Si
612 3948 672 4013 quis
690 3952 778 3998 autam
796 3952 880 4014 putat,
899 3947 1012 4013 Scythae
1030 3948 1193 4014 Europaeam
1212 3967 1285 4004 oram

71 4035 178 4104 paludis
196 4034 327 4086 Maeotica
344 4033 494 4088 habitantes
513 4052 530 4086 a
546 4033 721 4100 Xenophonte
737 4026 855 4086 Maeotae
874 4034 935 4100 dici,
954 4051 1008 4087 non
1025 4035 1154 4088 liberatur
1171 4036 1217 4090 hie
1235 4040 1286 4091 ori·

71 4124 143 4176 mine
161 4122 360 4191 neglegentiae,
382 4138 444 4172 narn
462 4139 547 4190 neque
565 4122 728 4176 vocabantur
746 4123 879 4187 Maeotae,
904 4124 950 4189 qui
969 4124 997 4174 in
1016 4123 1154 4192 Europaeo
1176 4139 1221 4176 ora
1237 4125 1285 4178 ha-

72 4210 196 4264 bitabant
206 4209 330 4278 Scythae,
349 4225 434 4274 neque
447 4209 556 4261 obnoxii
569 4216 642 4262 erant
660 4211 754 4262 ceter-ie
767 4209 875 4277 Scythis
894 4212 940 4263 sed
958 4211 997 4264 eis
1016 4209 1192 4278 imperabant;
1211 4218 1287 4265 erant

73 4301 145 4351 enim
163 4297 291 4350 Herodoti
310 4292 423 4349 Σκύθαι
439 4290 578 4363 flandritas
596 4298 651 4363 (lV,
662 4297 717 4363 20).

120 4379 125 4386 ’
147 4383 167 4449 ³)
185 4385 285 4437 Rdmel.
304 4384 371 4437 alios
391 4390 510 4436 secutus:
529 4384 726 4452 Enoyolopttdie
742 4403 795 4440 von
813 4387 896 4445 Erech
914 4401 942 4438 a.
956 4383 1059 4438 oruber
1076 4384 1141 4448 XII,
1159 4399 1185 4450 p.
1197 4381 1230 4438 75
1243 4402 1267 4438 a.

145 4471 168 4539 ⁴)
186 4473 257 4526 Inter
274 4488 318 4527 eos
338 4472 420 4527 celeb.
440 4470 600 4538 Boeokhiue,
620 4487 689 4541 corp.
709 4474 829 4543 inscript.
847 4475 880 4539 tt,
899 4488 926 4540 p.
935 4470 979 4528 96.
