<?xml version="1.0" encoding="UTF-8"?>
<!DOCTYPE html PUBLIC "-//W3C//DTD XHTML 1.0 Transitional//EN"
    "http://www.w3.org/TR/xhtml1/DTD/xhtml1-transitional.dtd">
<html xmlns="http://www.w3.org/1999/xhtml" xml:lang="en" lang="en">
 <head>
  <title>
</title>
<meta http-equiv="Content-Type" content="text/html;charset=utf-8" />
  <meta name='ocr-system' content='tesseract 3.04.00' />
  <meta name='ocr-capabilities' content='ocr_page ocr_carea ocr_par ocr_line ocrx_word'/>
</head>
<body>
  <div class='ocr_page' id='page_1' title='image "./desubditoquiint00guttgoog_0109.png"; bbox 0 0 2856 4906; ppageno 0'>
   <div class='ocr_carea' id='block_1_1' title="bbox 732 196 775 265">
    <p class='ocr_par' dir='ltr' id='par_1_1' title="bbox 732 196 775 265">
     <span class='ocr_line' id='line_1_1' title="bbox 732 196 775 265; baseline 0 0"><span class='ocrx_word' id='word_1_1' title='bbox 732 196 775 265; x_wconf 81' lang='lat'><strong>98</strong></span> 
     </span>
    </p>
   </div>
   <div class='ocr_carea' id='block_1_2' title="bbox 76 363 1369 2892">
    <p class='ocr_par' dir='ltr' id='par_1_2' title="bbox 76 363 1369 2892">
     <span class='ocr_line' id='line_1_2' title="bbox 147 363 1364 461; baseline 0.004 -25"><span class='ocrx_word' id='word_1_2' title='bbox 147 364 369 436; x_wconf 83' lang='lat' dir='ltr'>Chersonneso</span> <span class='ocrx_word' id='word_1_3' title='bbox 391 365 529 438; x_wconf 82' lang='lat' dir='ltr'><strong>Taurica</strong></span> <span class='ocrx_word' id='word_1_4' title='bbox 551 363 727 434; x_wconf 78' lang='lat' dir='ltr'><strong>habitantes</strong></span> <span class='ocrx_word' id='word_1_5' title='bbox 749 364 888 457; x_wconf 85' lang='lat' dir='ltr'><strong>Scythas</strong></span> <span class='ocrx_word' id='word_1_6' title='bbox 914 374 1024 452; x_wconf 91' lang='lat' dir='ltr'><strong>vocet,</strong></span> <span class='ocrx_word' id='word_1_7' title='bbox 1057 387 1197 461; x_wconf 88' lang='lat' dir='ltr'><strong>cumque</strong></span> <span class='ocrx_word' id='word_1_8' title='bbox 1218 367 1364 460; x_wconf 86' lang='lat' dir='ltr'><strong>Scythas</strong></span> 
     </span>
     <span class='ocr_line' id='line_1_3' title="bbox 148 473 1364 568; baseline 0.005 -24"><span class='ocrx_word' id='word_1_9' title='bbox 148 497 220 544; x_wconf 82' lang='lat' dir='ltr'><strong>esse</strong></span> <span class='ocrx_word' id='word_1_10' title='bbox 241 475 324 546; x_wconf 89' lang='lat' dir='ltr'><strong>dicat</strong></span> <span class='ocrx_word' id='word_1_11' title='bbox 345 497 411 561; x_wconf 90' lang='lat' dir='ltr'><strong>eos,</strong></span> <span class='ocrx_word' id='word_1_12' title='bbox 433 478 487 568; x_wconf 94' lang='lat' dir='ltr'><strong>qui</strong></span> <span class='ocrx_word' id='word_1_13' title='bbox 508 477 538 544; x_wconf 92' lang='lat' dir='ltr'><strong>in</strong></span> <span class='ocrx_word' id='word_1_14' title='bbox 559 477 694 568; x_wconf 85' lang='lat' dir='ltr'><strong>pristinis</strong></span> <span class='ocrx_word' id='word_1_15' title='bbox 715 473 810 545; x_wconf 90' lang='lat' dir='ltr'><strong>huius</strong></span> <span class='ocrx_word' id='word_1_16' title='bbox 832 477 934 568; x_wconf 90' lang='lat' dir='ltr'><strong>gentis</strong></span> <span class='ocrx_word' id='word_1_17' title='bbox 955 476 1082 546; x_wconf 87' lang='lat' dir='ltr'><strong>sedibus</strong></span> <span class='ocrx_word' id='word_1_18' title='bbox 1103 477 1166 547; x_wconf 92' lang='lat' dir='ltr'><strong>iam</strong></span> <span class='ocrx_word' id='word_1_19' title='bbox 1181 488 1270 548; x_wconf 88' lang='lat' dir='ltr'><strong>erant</strong></span> <span class='ocrx_word' id='word_1_20' title='bbox 1284 480 1364 550; x_wconf 92' lang='lat' dir='ltr'><strong>Sar·</strong></span> 
     </span>
     <span class='ocr_line' id='line_1_4' title="bbox 147 584 1365 683; baseline 0.002 -28"><span class='ocrx_word' id='word_1_21' title='bbox 147 596 253 655; x_wconf 82' lang='lat' dir='ltr'><strong>marae</strong></span> <span class='ocrx_word' id='word_1_22' title='bbox 276 596 307 656; x_wconf 92' lang='lat' dir='ltr'><strong>et</strong></span> <span class='ocrx_word' id='word_1_23' title='bbox 328 584 486 656; x_wconf 85' lang='lat' dir='ltr'>Roxolani</span> <span class='ocrx_word' id='word_1_24' title='bbox 508 585 623 678; x_wconf 92' lang='lat' dir='ltr'><strong>aliique</strong></span> <span class='ocrx_word' id='word_1_25' title='bbox 633 587 674 673; x_wconf 91' lang='lat'><strong>¹),</strong></span> <span class='ocrx_word' id='word_1_26' title='bbox 704 608 760 655; x_wconf 91' lang='lat' dir='ltr'><strong>eos</strong></span> <span class='ocrx_word' id='word_1_27' title='bbox 783 609 894 655; x_wconf 88' lang='lat' dir='ltr'><strong>omnes</strong></span> <span class='ocrx_word' id='word_1_28' title='bbox 915 609 1014 656; x_wconf 89' lang='lat' dir='ltr'><strong>unum</strong></span> <span class='ocrx_word' id='word_1_29' title='bbox 1036 587 1237 682; x_wconf 90' lang='lat' dir='ltr'><strong>eundemque</strong></span> <span class='ocrx_word' id='word_1_30' title='bbox 1259 612 1365 683; x_wconf 90' lang='lat' dir='ltr'><strong>popu·</strong></span> 
     </span>
     <span class='ocr_line' id='line_1_5' title="bbox 147 693 1366 790; baseline 0.002 -24"><span class='ocrx_word' id='word_1_31' title='bbox 147 693 215 767; x_wconf 90' lang='lat' dir='ltr'><strong>lum</strong></span> <span class='ocrx_word' id='word_1_32' title='bbox 236 695 288 765; x_wconf 91' lang='lat' dir='ltr'><strong>vel</strong></span> <span class='ocrx_word' id='word_1_33' title='bbox 310 698 428 789; x_wconf 88' lang='lat' dir='ltr'><strong>potius,</strong></span> <span class='ocrx_word' id='word_1_34' title='bbox 450 705 604 790; x_wconf 90' lang='lat' dir='ltr'><strong>quantum</strong></span> <span class='ocrx_word' id='word_1_35' title='bbox 626 719 667 766; x_wconf 89' lang='lat' dir='ltr'><strong>ex</strong></span> <span class='ocrx_word' id='word_1_36' title='bbox 689 698 756 765; x_wconf 93' lang='lat' dir='ltr'><strong>eius</strong></span> <span class='ocrx_word' id='word_1_37' title='bbox 777 697 880 765; x_wconf 89' lang='lat' dir='ltr'><strong>verbis</strong></span> <span class='ocrx_word' id='word_1_38' title='bbox 901 695 1006 789; x_wconf 79' lang='lat' dir='ltr'>colligi</span> <span class='ocrx_word' id='word_1_39' title='bbox 1027 699 1140 790; x_wconf 78' lang='lat' dir='ltr'><strong>possit,</strong></span> <span class='ocrx_word' id='word_1_40' title='bbox 1161 720 1260 767; x_wconf 89' lang='lat' dir='ltr'><strong>unum</strong></span> <span class='ocrx_word' id='word_1_41' title='bbox 1283 722 1366 769; x_wconf 90' lang='lat' dir='ltr'><strong>eurr-</strong></span> 
     </span>
     <span class='ocr_line' id='line_1_6' title="bbox 149 806 1364 901; baseline 0.006 -26"><span class='ocrx_word' id='word_1_42' title='bbox 149 806 284 901; x_wconf 84' lang='lat' dir='ltr'>demque</span> <span class='ocrx_word' id='word_1_43' title='bbox 310 807 482 877; x_wconf 89' lang='lat' dir='ltr'><strong>nomadum</strong></span> <span class='ocrx_word' id='word_1_44' title='bbox 511 830 641 899; x_wconf 82' lang='lat' dir='ltr'>gregem</span> <span class='ocrx_word' id='word_1_45' title='bbox 668 829 741 874; x_wconf 91' lang='lat' dir='ltr'><strong>esse</strong></span> <span class='ocrx_word' id='word_1_46' title='bbox 768 808 938 891; x_wconf 87' lang='lat' dir='ltr'><strong>existimat,</strong></span> <span class='ocrx_word' id='word_1_47' title='bbox 970 831 1068 901; x_wconf 88' lang='lat' dir='ltr'><strong>quem</strong></span> <span class='ocrx_word' id='word_1_48' title='bbox 1096 809 1136 880; x_wconf 83' lang='grc' dir='ltr'><strong>τὸ</strong></span> <span class='ocrx_word' id='word_1_49' title='bbox 1158 808 1273 881; x_wconf 82' lang='grc' dir='ltr'><strong><em>κοινὸν</em></strong></span> <span class='ocrx_word' id='word_1_50' title='bbox 1293 813 1364 882; x_wconf 78' lang='grc' dir='ltr'><strong>τῶν</strong></span> 
     </span>
     <span class='ocr_line' id='line_1_7' title="bbox 76 916 1362 1012; baseline 0.008 -31"><span class='ocrx_word' id='word_1_51' title='bbox 76 976 79 981; x_wconf 87' lang='grc'><strong><em>.</em></strong></span> <span class='ocrx_word' id='word_1_52' title='bbox 147 921 291 988; x_wconf 76' lang='grc' dir='ltr'><strong><em>Σκυθῶν</em></strong></span> <span class='ocrx_word' id='word_1_53' title='bbox 313 917 465 1011; x_wconf 88' lang='lat' dir='ltr'><strong>appellat:</strong></span> <span class='ocrx_word' id='word_1_54' title='bbox 488 919 528 986; x_wconf 88' lang='lat' dir='ltr'><strong>cl.</strong></span> <span class='ocrx_word' id='word_1_55' title='bbox 544 939 590 987; x_wconf 89' lang='lat' dir='ltr'><strong>cc.</strong></span> <span class='ocrx_word' id='word_1_56' title='bbox 606 917 768 1012; x_wconf 81' lang='lat'><strong>2-9,39,</strong></span> <span class='ocrx_word' id='word_1_57' title='bbox 782 919 821 984; x_wconf 85' lang='lat'><strong>41</strong></span> <span class='ocrx_word' id='word_1_58' title='bbox 840 927 918 985; x_wconf 89' lang='lat' dir='ltr'><strong>extr.</strong></span> <span class='ocrx_word' id='word_1_59' title='bbox 931 918 975 984; x_wconf 86' lang='lat'><strong>50</strong></span> <span class='ocrx_word' id='word_1_60' title='bbox 990 923 1033 1011; x_wconf 87' lang='lat' dir='ltr'><strong>(p.</strong></span> <span class='ocrx_word' id='word_1_61' title='bbox 1043 921 1118 1003; x_wconf 83' lang='lat'><strong>241,</strong></span> <span class='ocrx_word' id='word_1_62' title='bbox 1132 921 1188 1008; x_wconf 90' lang='grc'><strong>24)</strong></span> <span class='ocrx_word' id='word_1_63' title='bbox 1211 916 1362 1012; x_wconf 71' lang='grc' dir='ltr'><strong><em>ἑβδόμην</em></strong></span> 
     </span>
     <span class='ocr_line' id='line_1_8' title="bbox 151 1025 1367 1124; baseline 0.001 -25"><span class='ocrx_word' id='word_1_64' title='bbox 151 1079 230 1099; x_wconf 93' lang='grc'><strong><em>....</em></strong></span> <span class='ocrx_word' id='word_1_65' title='bbox 247 1031 380 1122; x_wconf 89' lang='lat' dir='ltr'><strong>septimo</strong></span> <span class='ocrx_word' id='word_1_66' title='bbox 396 1031 490 1122; x_wconf 85' lang='lat' dir='ltr'><strong>igitur</strong></span> <span class='ocrx_word' id='word_1_67' title='bbox 505 1029 555 1097; x_wconf 92' lang='lat' dir='ltr'><strong>die</strong></span> <span class='ocrx_word' id='word_1_68' title='bbox 570 1051 652 1121; x_wconf 95' lang='lat' dir='ltr'><strong>equo</strong></span> <span class='ocrx_word' id='word_1_69' title='bbox 668 1025 790 1105; x_wconf 79' lang='lat' dir='ltr'><strong>vehens</strong></span> <span class='ocrx_word' id='word_1_70' title='bbox 802 1051 841 1097; x_wconf 85' lang='lat' dir='ltr'><strong>ex</strong></span> <span class='ocrx_word' id='word_1_71' title='bbox 854 1028 1005 1119; x_wconf 89' lang='lat' dir='ltr'><strong>Scythica</strong></span> <span class='ocrx_word' id='word_1_72' title='bbox 1019 1039 1102 1098; x_wconf 90' lang='lat' dir='ltr'><strong>terra</strong></span> <span class='ocrx_word' id='word_1_73' title='bbox 1112 1028 1367 1124; x_wconf 73' lang='lat' dir='ltr'><strong>Panticapaeum</strong></span> 
     </span>
     <span class='ocr_line' id='line_1_9' title="bbox 150 1137 1366 1234; baseline 0.003 -26"><span class='ocrx_word' id='word_1_74' title='bbox 150 1141 291 1234; x_wconf 89' lang='lat' dir='ltr'><strong>pervenit</strong></span> <span class='ocrx_word' id='word_1_75' title='bbox 318 1138 513 1223; x_wconf 83' lang='lat' dir='ltr'><strong>Lonchates3</strong></span> <span class='ocrx_word' id='word_1_76' title='bbox 554 1140 593 1207; x_wconf 90' lang='lat' dir='ltr'><strong>cl.</strong></span> <span class='ocrx_word' id='word_1_77' title='bbox 620 1149 782 1230; x_wconf 88' lang='lat' dir='ltr'><strong>praeterea</strong></span> <span class='ocrx_word' id='word_1_78' title='bbox 810 1140 946 1207; x_wconf 82' lang='grc' dir='ltr'><strong>α.51ἰη.</strong></span> <span class='ocrx_word' id='word_1_79' title='bbox 968 1141 1134 1225; x_wconf 74' lang='grc'>(24217)</span> <span class='ocrx_word' id='word_1_80' title='bbox 1162 1137 1248 1211; x_wconf 76' lang='grc' dir='ltr'><strong>καθ’</strong></span> <span class='ocrx_word' id='word_1_81' title='bbox 1280 1137 1366 1214; x_wconf 80' lang='grc' dir='ltr'><strong><em>ὁδὸν</em></strong></span> 
     </span>
     <span class='ocr_line' id='line_1_10' title="bbox 150 1244 1365 1345; baseline 0.002 -24"><span class='ocrx_word' id='word_1_82' title='bbox 150 1247 297 1333; x_wconf 72' lang='grc' dir='ltr'><strong><em>ἀνιούσας</em></strong></span> <span class='ocrx_word' id='word_1_83' title='bbox 317 1250 360 1319; x_wconf 78' lang='grc' dir='ltr'><strong>τὰ</strong></span> <span class='ocrx_word' id='word_1_84' title='bbox 384 1249 419 1320; x_wconf 78' lang='grc' dir='ltr'><strong>ἐν</strong></span> <span class='ocrx_word' id='word_1_85' title='bbox 440 1247 612 1342; x_wconf 76' lang='grc' dir='ltr'><strong><em>Βοσπόρῳ</em></strong></span> <span class='ocrx_word' id='word_1_86' title='bbox 634 1244 810 1340; x_wconf 74' lang='grc' dir='ltr'><strong><em>γενόμενα,</em></strong></span> <span class='ocrx_word' id='word_1_87' title='bbox 834 1249 948 1343; x_wconf 89' lang='lat' dir='ltr'><strong>quibus</strong></span> <span class='ocrx_word' id='word_1_88' title='bbox 970 1250 1075 1318; x_wconf 89' lang='lat' dir='ltr'><strong>verbis</strong></span> <span class='ocrx_word' id='word_1_89' title='bbox 1099 1251 1224 1320; x_wconf 82' lang='lat' dir='ltr'><strong>absurdi</strong></span> <span class='ocrx_word' id='word_1_90' title='bbox 1245 1251 1365 1345; x_wconf 91' lang='lat' dir='ltr'><strong>aliquid</strong></span> 
     </span>
     <span class='ocr_line' id='line_1_11' title="bbox 149 1346 1364 1453; baseline 0 -23"><span class='ocrx_word' id='word_1_91' title='bbox 149 1362 254 1430; x_wconf 86' lang='lat' dir='ltr'><strong>inesse</strong></span> <span class='ocrx_word' id='word_1_92' title='bbox 274 1346 376 1453; x_wconf 83' lang='lat' dir='ltr'><strong>patet3</strong></span> <span class='ocrx_word' id='word_1_93' title='bbox 400 1359 559 1451; x_wconf 92' lang='lat' dir='ltr'><strong>quomodo</strong></span> <span class='ocrx_word' id='word_1_94' title='bbox 584 1361 667 1428; x_wconf 91' lang='lat' dir='ltr'><strong>enirn</strong></span> <span class='ocrx_word' id='word_1_95' title='bbox 688 1359 752 1429; x_wconf 86' lang='lat' dir='ltr'><strong>heri</strong></span> <span class='ocrx_word' id='word_1_96' title='bbox 774 1361 889 1452; x_wconf 88' lang='lat' dir='ltr'><strong>potuit,</strong></span> <span class='ocrx_word' id='word_1_97' title='bbox 910 1369 946 1428; x_wconf 90' lang='lat' dir='ltr'><strong>ut</strong></span> <span class='ocrx_word' id='word_1_98' title='bbox 968 1383 1009 1429; x_wconf 88' lang='lat' dir='ltr'><strong>ex</strong></span> <span class='ocrx_word' id='word_1_99' title='bbox 1029 1361 1256 1430; x_wconf 90' lang='lat' dir='ltr'><strong>mediterranea</strong></span> <span class='ocrx_word' id='word_1_100' title='bbox 1278 1362 1364 1452; x_wconf 90' lang='lat' dir='ltr'><strong>Scy·</strong></span> 
     </span>
     <span class='ocr_line' id='line_1_12' title="bbox 149 1469 1362 1564; baseline -0.002 -23"><span class='ocrx_word' id='word_1_101' title='bbox 149 1472 214 1541; x_wconf 88' lang='lat' dir='ltr'><strong>thia</strong></span> <span class='ocrx_word' id='word_1_102' title='bbox 227 1473 268 1562; x_wconf 89' lang='lat' dir='ltr'><strong>[c.</strong></span> <span class='ocrx_word' id='word_1_103' title='bbox 279 1474 331 1540; x_wconf 86' lang='lat'><strong>52.</strong></span> <span class='ocrx_word' id='word_1_104' title='bbox 337 1471 602 1562; x_wconf 76' lang='lat' dir='ltr'><strong>53(243,7sqq.)]</strong></span> <span class='ocrx_word' id='word_1_105' title='bbox 614 1469 795 1540; x_wconf 89' lang='lat' dir='ltr'><strong>Lonohates</strong></span> <span class='ocrx_word' id='word_1_106' title='bbox 806 1472 892 1562; x_wconf 90' lang='lat' dir='ltr'><strong>prius</strong></span> <span class='ocrx_word' id='word_1_107' title='bbox 905 1472 938 1539; x_wconf 91' lang='lat' dir='ltr'><strong>in</strong></span> <span class='ocrx_word' id='word_1_108' title='bbox 949 1470 1131 1562; x_wconf 84' lang='lat' dir='ltr'><strong>Bosporum</strong></span> <span class='ocrx_word' id='word_1_109' title='bbox 1144 1472 1316 1564; x_wconf 87' lang='lat' dir='ltr'><strong>perveniret</strong></span> <span class='ocrx_word' id='word_1_110' title='bbox 1328 1480 1362 1539; x_wconf 88' lang='lat' dir='ltr'><strong>et</strong></span> 
     </span>
     <span class='ocr_line' id='line_1_13' title="bbox 148 1580 1361 1675; baseline -0.003 -24"><span class='ocrx_word' id='word_1_111' title='bbox 148 1584 220 1652; x_wconf 89' lang='lat' dir='ltr'><strong>inde</strong></span> <span class='ocrx_word' id='word_1_112' title='bbox 240 1583 363 1666; x_wconf 87' lang='lat' dir='ltr'><strong>rediret,</strong></span> <span class='ocrx_word' id='word_1_113' title='bbox 384 1605 481 1675; x_wconf 91' lang='lat' dir='ltr'><strong>quam</strong></span> <span class='ocrx_word' id='word_1_114' title='bbox 496 1580 667 1665; x_wconf 74' lang='lat' dir='ltr'><strong>lllacentm,</strong></span> <span class='ocrx_word' id='word_1_115' title='bbox 689 1583 743 1671; x_wconf 91' lang='lat' dir='ltr'><strong>qui</strong></span> <span class='ocrx_word' id='word_1_116' title='bbox 759 1580 852 1649; x_wconf 88' lang='lat' dir='ltr'><strong>simul</strong></span> <span class='ocrx_word' id='word_1_117' title='bbox 875 1605 949 1649; x_wconf 92' lang='lat' dir='ltr'><strong>cum</strong></span> <span class='ocrx_word' id='word_1_118' title='bbox 971 1603 1009 1648; x_wconf 89' lang='lat' dir='ltr'><strong>eo</strong></span> <span class='ocrx_word' id='word_1_119' title='bbox 1032 1604 1115 1674; x_wconf 89' lang='lat' dir='ltr'><strong>equo</strong></span> <span class='ocrx_word' id='word_1_120' title='bbox 1130 1580 1249 1650; x_wconf 92' lang='lat' dir='ltr'><strong>vehens</strong></span> <span class='ocrx_word' id='word_1_121' title='bbox 1264 1581 1361 1648; x_wconf 91' lang='lat' dir='ltr'><strong>domo</strong></span> 
     </span>
     <span class='ocr_line' id='line_1_14' title="bbox 92 1690 1365 1786; baseline -0.001 -25"><span class='ocrx_word' id='word_1_122' title='bbox 92 1774 96 1783; x_wconf 26' lang='lat'>⁸</span> <span class='ocrx_word' id='word_1_123' title='bbox 149 1695 310 1786; x_wconf 83' lang='lat' dir='ltr'><strong>profectus</strong></span> <span class='ocrx_word' id='word_1_124' title='bbox 333 1701 409 1776; x_wconf 86' lang='lat' dir='ltr'><strong>erat,</strong></span> <span class='ocrx_word' id='word_1_125' title='bbox 431 1692 472 1760; x_wconf 90' lang='lat' dir='ltr'><strong>ad</strong></span> <span class='ocrx_word' id='word_1_126' title='bbox 492 1690 598 1760; x_wconf 92' lang='lat' dir='ltr'><strong>lacurn</strong></span> <span class='ocrx_word' id='word_1_127' title='bbox 609 1690 780 1759; x_wconf 87' lang='lat' dir='ltr'><strong>Maeotium</strong></span> <span class='ocrx_word' id='word_1_128' title='bbox 793 1690 993 1783; x_wconf 85' lang='lat' dir='ltr'><strong>perveniret?</strong></span> <span class='ocrx_word' id='word_1_129' title='bbox 1013 1693 1198 1784; x_wconf 88' lang='lat' dir='ltr'><strong>praesertim</strong></span> <span class='ocrx_word' id='word_1_130' title='bbox 1221 1714 1297 1761; x_wconf 91' lang='lat' dir='ltr'><strong>cum</strong></span> <span class='ocrx_word' id='word_1_131' title='bbox 1310 1690 1365 1760; x_wconf 85' lang='lat' dir='ltr'><strong>hic</strong></span> 
     </span>
     <span class='ocr_line' id='line_1_15' title="bbox 148 1797 1368 1893; baseline 0.001 -22"><span class='ocrx_word' id='word_1_132' title='bbox 148 1803 271 1873; x_wconf 88' lang='lat' dir='ltr'><strong>rediens</strong></span> <span class='ocrx_word' id='word_1_133' title='bbox 291 1803 375 1872; x_wconf 90' lang='lat' dir='ltr'><strong>idem</strong></span> <span class='ocrx_word' id='word_1_134' title='bbox 396 1804 453 1870; x_wconf 90' lang='lat' dir='ltr'><strong>iter</strong></span> <span class='ocrx_word' id='word_1_135' title='bbox 475 1801 572 1870; x_wconf 87' lang='lat' dir='ltr'><strong>tribus</strong></span> <span class='ocrx_word' id='word_1_136' title='bbox 594 1801 704 1870; x_wconf 93' lang='lat' dir='ltr'><strong>diebus</strong></span> <span class='ocrx_word' id='word_1_137' title='bbox 720 1802 881 1893; x_wconf 87' lang='lat' dir='ltr'><strong>perliceret</strong></span> <span class='ocrx_word' id='word_1_138' title='bbox 897 1804 937 1890; x_wconf 88' lang='lat' dir='ltr'><strong>(c.</strong></span> <span class='ocrx_word' id='word_1_139' title='bbox 945 1803 988 1869; x_wconf 88' lang='grc'><strong>52</strong></span> <span class='ocrx_word' id='word_1_140' title='bbox 1000 1813 1069 1871; x_wconf 90' lang='lat' dir='ltr'><strong>extr</strong></span> <span class='ocrx_word' id='word_1_141' title='bbox 1069 1854 1157 1871; x_wconf 90' lang='grc'><strong>.....</strong></span> <span class='ocrx_word' id='word_1_142' title='bbox 1173 1797 1248 1872; x_wconf 76' lang='grc' dir='ltr'><strong>ἀλλ’</strong></span> <span class='ocrx_word' id='word_1_143' title='bbox 1272 1797 1368 1872; x_wconf 79' lang='lat' dir='ltr'><strong>daro-</strong></span> 
     </span>
     <span class='ocr_line' id='line_1_16' title="bbox 147 1907 1369 2006; baseline 0.002 -24"><span class='ocrx_word' id='word_1_144' title='bbox 147 1908 361 2004; x_wconf 83' lang='grc' dir='ltr'><strong><em>τραττόμινας</em></strong></span> <span class='ocrx_word' id='word_1_145' title='bbox 382 1909 431 1996; x_wconf 79' lang='grc' dir='ltr'><strong>εἷς</strong></span> <span class='ocrx_word' id='word_1_146' title='bbox 451 1913 512 2003; x_wconf 75' lang='grc' dir='ltr'><strong>τῆν</strong></span> <span class='ocrx_word' id='word_1_147' title='bbox 532 1907 713 2003; x_wconf 76' lang='grc' dir='ltr'><em>μεσόγειαν</em></span> <span class='ocrx_word' id='word_1_148' title='bbox 735 1911 770 1981; x_wconf 84' lang='grc' dir='ltr'><strong>ἐν</strong></span> <span class='ocrx_word' id='word_1_149' title='bbox 792 1913 890 2005; x_wconf 77' lang='grc' dir='ltr'><strong><em>δεξιᾷ</em></strong></span> <span class='ocrx_word' id='word_1_150' title='bbox 911 1911 1025 2000; x_wconf 71' lang='grc' dir='ltr'><strong><em>λαβὼν</em></strong></span> <span class='ocrx_word' id='word_1_151' title='bbox 1039 1913 1082 1982; x_wconf 78' lang='grc' dir='ltr'><strong>τὰ</strong></span> <span class='ocrx_word' id='word_1_152' title='bbox 1096 1909 1278 2004; x_wconf 77' lang='grc' dir='ltr'><strong><em>Μιτραίων</em></strong></span> <span class='ocrx_word' id='word_1_153' title='bbox 1301 1907 1369 2006; x_wconf 77' lang='grc' dir='ltr'><strong><em>ἶν’ρη</em></strong></span> 
     </span>
     <span class='ocr_line' id='line_1_17' title="bbox 148 2020 1369 2116; baseline 0 -22"><span class='ocrx_word' id='word_1_154' title='bbox 148 2020 370 2094; x_wconf 79' lang='grc' dir='ltr'><strong><em>διαναπαύων</em></strong></span> <span class='ocrx_word' id='word_1_155' title='bbox 399 2025 525 2110; x_wconf 76' lang='grc' dir='ltr'><strong><em>μεταξὺ</em></strong></span> <span class='ocrx_word' id='word_1_156' title='bbox 553 2023 614 2116; x_wconf 76' lang='grc' dir='ltr'><strong>τὴν</strong></span> <span class='ocrx_word' id='word_1_157' title='bbox 644 2026 755 2093; x_wconf 79' lang='grc' dir='ltr'><strong><em>παῖδα</em></strong></span> <span class='ocrx_word' id='word_1_158' title='bbox 775 2029 924 2115; x_wconf 78' lang='grc' dir='ltr'><strong><em>τριταῖος</em></strong></span> <span class='ocrx_word' id='word_1_159' title='bbox 953 2021 1105 2096; x_wconf 70' lang='grc' dir='ltr'><strong><em>ἐτέλεσεν</em></strong></span> <span class='ocrx_word' id='word_1_160' title='bbox 1131 2025 1168 2095; x_wconf 79' lang='grc' dir='ltr'><strong>ἐν</strong></span> <span class='ocrx_word' id='word_1_161' title='bbox 1188 2020 1369 2110; x_wconf 81' lang='grc' dir='ltr'><strong><em>Μαχλύων</em></strong></span> 
     </span>
     <span class='ocr_line' id='line_1_18' title="bbox 138 2131 1368 2230; baseline -0.002 -23"><span class='ocrx_word' id='word_1_162' title='bbox 138 2133 198 2218; x_wconf 71' lang='grc' dir='ltr'><strong>ἐἷς</strong></span> <span class='ocrx_word' id='word_1_163' title='bbox 218 2131 386 2224; x_wconf 81' lang='grc' dir='ltr'><strong>Σκύθας);</strong></span> <span class='ocrx_word' id='word_1_164' title='bbox 419 2158 522 2228; x_wconf 90' lang='lat' dir='ltr'><strong>neque</strong></span> <span class='ocrx_word' id='word_1_165' title='bbox 547 2134 694 2228; x_wconf 92' lang='lat' dir='ltr'><strong>equidem</strong></span> <span class='ocrx_word' id='word_1_166' title='bbox 721 2135 911 2225; x_wconf 89' lang='lat' dir='ltr'><strong>investigare</strong></span> <span class='ocrx_word' id='word_1_167' title='bbox 937 2157 1084 2227; x_wconf 87' lang='lat' dir='ltr'><strong>possum,</strong></span> <span class='ocrx_word' id='word_1_168' title='bbox 1114 2159 1171 2229; x_wconf 91' lang='lat' dir='ltr'><strong>per</strong></span> <span class='ocrx_word' id='word_1_169' title='bbox 1193 2160 1291 2230; x_wconf 88' lang='lat' dir='ltr'><strong>quam</strong></span> <span class='ocrx_word' id='word_1_170' title='bbox 1313 2160 1368 2205; x_wconf 89' lang='lat' dir='ltr'><strong>re·</strong></span> 
     </span>
     <span class='ocr_line' id='line_1_19' title="bbox 147 2241 1367 2338; baseline 0 -23"><span class='ocrx_word' id='word_1_171' title='bbox 147 2247 276 2338; x_wconf 84' lang='lat' dir='ltr'><strong>gionem</strong></span> <span class='ocrx_word' id='word_1_172' title='bbox 298 2255 481 2315; x_wconf 89' lang='lat' dir='ltr'><strong>montanam</strong></span> <span class='ocrx_word' id='word_1_173' title='bbox 504 2243 695 2336; x_wconf 65' lang='lat' dir='ltr'><strong>[eburata</strong></span> <span class='ocrx_word' id='word_1_174' title='bbox 707 2245 764 2331; x_wconf 85' lang='grc'><strong>26)</strong></span> <span class='ocrx_word' id='word_1_175' title='bbox 787 2243 847 2314; x_wconf 78' lang='grc' dir='ltr'><strong>διὰ</strong></span> <span class='ocrx_word' id='word_1_176' title='bbox 867 2247 927 2335; x_wconf 86' lang='grc' dir='ltr'><strong>τῆς</strong></span> <span class='ocrx_word' id='word_1_177' title='bbox 942 2241 1174 2337; x_wconf 61' lang='grc' dir='ltr'><strong><em>ὀρεινῆς...]</em></strong></span> <span class='ocrx_word' id='word_1_178' title='bbox 1196 2245 1367 2338; x_wconf 81' lang='lat' dir='ltr'><strong>Machlyes</strong></span> 
     </span>
     <span class='ocr_line' id='line_1_20' title="bbox 148 2354 1368 2449; baseline -0.001 -20"><span class='ocrx_word' id='word_1_179' title='bbox 148 2357 314 2448; x_wconf 77' lang='lat' dir='ltr'><strong>irruperint</strong></span> <span class='ocrx_word' id='word_1_180' title='bbox 334 2357 366 2424; x_wconf 89' lang='lat' dir='ltr'><strong>in</strong></span> <span class='ocrx_word' id='word_1_181' title='bbox 388 2354 564 2447; x_wconf 83' lang='lat' dir='ltr'><strong>Scythiam,</strong></span> <span class='ocrx_word' id='word_1_182' title='bbox 585 2379 668 2447; x_wconf 92' lang='lat' dir='ltr'><strong>quae</strong></span> <span class='ocrx_word' id='word_1_183' title='bbox 689 2378 884 2449; x_wconf 90' lang='lat' dir='ltr'><strong>quamquam</strong></span> <span class='ocrx_word' id='word_1_184' title='bbox 905 2358 964 2425; x_wconf 92' lang='lat' dir='ltr'><strong>iter</strong></span> <span class='ocrx_word' id='word_1_185' title='bbox 976 2355 1058 2424; x_wconf 89' lang='lat' dir='ltr'><strong>XIV</strong></span> <span class='ocrx_word' id='word_1_186' title='bbox 1072 2357 1192 2425; x_wconf 91' lang='lat' dir='ltr'><strong>dierum</strong></span> <span class='ocrx_word' id='word_1_187' title='bbox 1214 2359 1269 2448; x_wconf 83' lang='lat' dir='ltr'><strong>[cl.</strong></span> <span class='ocrx_word' id='word_1_188' title='bbox 1281 2359 1368 2429; x_wconf 73' lang='lat' dir='ltr'><strong>eoo</strong></span> 
     </span>
     <span class='ocr_line' id='line_1_21' title="bbox 147 2466 1368 2559; baseline 0.003 -26"><span class='ocrx_word' id='word_1_189' title='bbox 147 2466 236 2553; x_wconf 84' lang='grc'>(241,</span> <span class='ocrx_word' id='word_1_190' title='bbox 247 2467 302 2552; x_wconf 79' lang='grc'><strong>24)</strong></span> <span class='ocrx_word' id='word_1_191' title='bbox 314 2487 389 2535; x_wconf 88' lang='lat' dir='ltr'><strong>cum</strong></span> <span class='ocrx_word' id='word_1_192' title='bbox 400 2489 428 2536; x_wconf 87' lang='lat' dir='ltr'><strong>c.</strong></span> <span class='ocrx_word' id='word_1_193' title='bbox 439 2467 480 2536; x_wconf 89' lang='lat'><strong>51</strong></span> <span class='ocrx_word' id='word_1_194' title='bbox 493 2469 534 2535; x_wconf 86' lang='lat' dir='ltr'><strong>in.</strong></span> <span class='ocrx_word' id='word_1_195' title='bbox 550 2466 797 2554; x_wconf 76' lang='grc'>(24216-18)]</span> <span class='ocrx_word' id='word_1_196' title='bbox 819 2466 850 2533; x_wconf 93' lang='lat' dir='ltr'><strong>in</strong></span> <span class='ocrx_word' id='word_1_197' title='bbox 865 2467 1061 2535; x_wconf 89' lang='lat' dir='ltr'><strong>occidentem</strong></span> <span class='ocrx_word' id='word_1_198' title='bbox 1082 2491 1196 2537; x_wconf 87' lang='lat' dir='ltr'><strong>versus</strong></span> <span class='ocrx_word' id='word_1_199' title='bbox 1210 2491 1230 2536; x_wconf 95' lang='lat' dir='ltr'><strong>a</strong></span> <span class='ocrx_word' id='word_1_200' title='bbox 1244 2467 1368 2559; x_wconf 91' lang='lat' dir='ltr'><strong>palude</strong></span> 
     </span>
     <span class='ocr_line' id='line_1_22' title="bbox 147 2575 1368 2671; baseline 0.003 -26"><span class='ocrx_word' id='word_1_201' title='bbox 147 2575 284 2645; x_wconf 84' lang='lat' dir='ltr'><strong>Maeotia</strong></span> <span class='ocrx_word' id='word_1_202' title='bbox 299 2576 434 2660; x_wconf 89' lang='lat' dir='ltr'><strong>abesset,</strong></span> <span class='ocrx_word' id='word_1_203' title='bbox 456 2588 562 2647; x_wconf 89' lang='lat' dir='ltr'><strong>tamen</strong></span> <span class='ocrx_word' id='word_1_204' title='bbox 574 2577 672 2646; x_wconf 89' lang='lat' dir='ltr'><strong>tribus</strong></span> <span class='ocrx_word' id='word_1_205' title='bbox 684 2575 795 2659; x_wconf 78' lang='lat' dir='ltr'><strong>diebus</strong></span> <span class='ocrx_word' id='word_1_206' title='bbox 808 2576 880 2645; x_wconf 89' lang='lat' dir='ltr'><strong>inde</strong></span> <span class='ocrx_word' id='word_1_207' title='bbox 893 2577 985 2646; x_wconf 87' lang='lat' dir='ltr'><strong>rediri</strong></span> <span class='ocrx_word' id='word_1_208' title='bbox 1000 2581 1143 2670; x_wconf 83' lang='lat' dir='ltr'><strong>potuerit</strong></span> <span class='ocrx_word' id='word_1_209' title='bbox 1170 2577 1256 2647; x_wconf 88' lang='lat' dir='ltr'><strong>Cum</strong></span> <span class='ocrx_word' id='word_1_210' title='bbox 1268 2580 1368 2671; x_wconf 87' lang='lat' dir='ltr'><strong>igitur</strong></span> 
     </span>
     <span class='ocr_line' id='line_1_23' title="bbox 148 2684 1367 2781; baseline 0.003 -27"><span class='ocrx_word' id='word_1_211' title='bbox 148 2684 316 2754; x_wconf 83' lang='lat' dir='ltr'><strong>Toxaridis</strong></span> <span class='ocrx_word' id='word_1_212' title='bbox 338 2690 472 2781; x_wconf 84' lang='lat' dir='ltr'><strong>scriptor</strong></span> <span class='ocrx_word' id='word_1_213' title='bbox 493 2689 634 2759; x_wconf 90' lang='lat' dir='ltr'><strong>diversos</strong></span> <span class='ocrx_word' id='word_1_214' title='bbox 656 2685 802 2780; x_wconf 79' lang='lat' dir='ltr'><strong>populos,</strong></span> <span class='ocrx_word' id='word_1_215' title='bbox 824 2710 960 2779; x_wconf 92' lang='lat' dir='ltr'><strong>quorum</strong></span> <span class='ocrx_word' id='word_1_216' title='bbox 974 2687 1080 2757; x_wconf 89' lang='lat' dir='ltr'><strong>nrdlus</strong></span> <span class='ocrx_word' id='word_1_217' title='bbox 1092 2688 1263 2780; x_wconf 86' lang='lat' dir='ltr'><strong>Scythicus</strong></span> <span class='ocrx_word' id='word_1_218' title='bbox 1285 2698 1367 2775; x_wconf 88' lang='lat' dir='ltr'><strong>erat,</strong></span> 
     </span>
     <span class='ocr_line' id='line_1_24' title="bbox 148 2797 1366 2892; baseline 0.004 -27"><span class='ocrx_word' id='word_1_219' title='bbox 148 2797 322 2865; x_wconf 79' lang='lat' dir='ltr'><strong>confuderit</strong></span> <span class='ocrx_word' id='word_1_220' title='bbox 348 2821 510 2892; x_wconf 89' lang='lat' dir='ltr'><strong>unumque</strong></span> <span class='ocrx_word' id='word_1_221' title='bbox 537 2797 731 2890; x_wconf 85' lang='lat' dir='ltr'><strong>Scytharum</strong></span> <span class='ocrx_word' id='word_1_222' title='bbox 759 2819 890 2889; x_wconf 85' lang='lat' dir='ltr'><strong>gregem</strong></span> <span class='ocrx_word' id='word_1_223' title='bbox 918 2822 991 2869; x_wconf 90' lang='lat' dir='ltr'><strong>esse</strong></span> <span class='ocrx_word' id='word_1_224' title='bbox 1016 2801 1188 2890; x_wconf 90' lang='lat' dir='ltr'><strong>putaverit,</strong></span> <span class='ocrx_word' id='word_1_225' title='bbox 1220 2801 1366 2892; x_wconf 87' lang='lat' dir='ltr'><strong>sequitur</strong></span> 
     </span>
    </p>
   </div>
   <div class='ocr_carea' id='block_1_3' title="bbox 24 2908 1362 3002">
    <p class='ocr_par' dir='ltr' id='par_1_3' title="bbox 24 2908 1362 3002">
     <span class='ocr_line' id='line_1_25' title="bbox 24 2908 1362 3002; baseline 0 -25"><span class='ocrx_word' id='word_1_226' title='bbox 24 2985 27 2991; x_wconf 49' lang='grc'>,</span> <span class='ocrx_word' id='word_1_227' title='bbox 146 2908 294 3000; x_wconf 85' lang='lat' dir='ltr'><strong>primum,</strong></span> <span class='ocrx_word' id='word_1_228' title='bbox 316 2909 403 2977; x_wconf 83' lang='lat' dir='ltr'><strong>utin</strong></span> <span class='ocrx_word' id='word_1_229' title='bbox 424 2908 487 2976; x_wconf 91' lang='lat' dir='ltr'><strong>hoc</strong></span> <span class='ocrx_word' id='word_1_230' title='bbox 508 2932 625 3000; x_wconf 90' lang='lat' dir='ltr'><strong>magno</strong></span> <span class='ocrx_word' id='word_1_231' title='bbox 648 2931 752 2977; x_wconf 89' lang='lat' dir='ltr'><strong>errore</strong></span> <span class='ocrx_word' id='word_1_232' title='bbox 773 2921 919 2977; x_wconf 88' lang='lat' dir='ltr'><strong>versatus</strong></span> <span class='ocrx_word' id='word_1_233' title='bbox 940 2933 981 2978; x_wconf 91' lang='lat' dir='ltr'><strong>ne</strong></span> <span class='ocrx_word' id='word_1_234' title='bbox 1001 2911 1028 2977; x_wconf 88' lang='lat' dir='ltr'><strong>si</strong></span> <span class='ocrx_word' id='word_1_235' title='bbox 1049 2908 1203 2978; x_wconf 89' lang='lat' dir='ltr'><strong>voluisset</strong></span> <span class='ocrx_word' id='word_1_236' title='bbox 1223 2909 1362 3002; x_wconf 85' lang='lat' dir='ltr'><strong>quidem,</strong></span> 
     </span>
    </p>
   </div>
   <div class='ocr_carea' id='block_1_4' title="bbox 137 3017 1367 3998">
    <p class='ocr_par' dir='ltr' id='par_1_4' title="bbox 144 3017 1367 3552">
     <span class='ocr_line' id='line_1_26' title="bbox 145 3017 1365 3111; baseline 0.002 -26"><span class='ocrx_word' id='word_1_237' title='bbox 145 3040 224 3086; x_wconf 91' lang='lat' dir='ltr'><strong>vera</strong></span> <span class='ocrx_word' id='word_1_238' title='bbox 247 3017 287 3085; x_wconf 94' lang='lat' dir='ltr'><strong>de</strong></span> <span class='ocrx_word' id='word_1_239' title='bbox 309 3017 437 3108; x_wconf 84' lang='lat' dir='ltr'><strong>Scythis</strong></span> <span class='ocrx_word' id='word_1_240' title='bbox 459 3020 583 3089; x_wconf 88' lang='lat' dir='ltr'><strong>tradere</strong></span> <span class='ocrx_word' id='word_1_241' title='bbox 604 3020 772 3111; x_wconf 90' lang='lat' dir='ltr'><strong>potuisset,</strong></span> <span class='ocrx_word' id='word_1_242' title='bbox 793 3018 906 3087; x_wconf 90' lang='lat' dir='ltr'><strong>deinde</strong></span> <span class='ocrx_word' id='word_1_243' title='bbox 927 3041 991 3088; x_wconf 90' lang='lat' dir='ltr'><strong>non</strong></span> <span class='ocrx_word' id='word_1_244' title='bbox 1013 3018 1118 3088; x_wconf 88' lang='lat' dir='ltr'><strong>solum</strong></span> <span class='ocrx_word' id='word_1_245' title='bbox 1140 3029 1176 3088; x_wconf 94' lang='lat' dir='ltr'><strong>ut</strong></span> <span class='ocrx_word' id='word_1_246' title='bbox 1196 3018 1272 3089; x_wconf 89' lang='lat' dir='ltr'><strong>nihil</strong></span> <span class='ocrx_word' id='word_1_247' title='bbox 1291 3019 1365 3111; x_wconf 87' lang='lat' dir='ltr'><strong>ipse</strong></span> 
     </span>
     <span class='ocr_line' id='line_1_27' title="bbox 146 3128 1366 3223; baseline -0.002 -22"><span class='ocrx_word' id='word_1_248' title='bbox 146 3138 296 3220; x_wconf 81' lang='lat' dir='ltr'><strong>expertus</strong></span> <span class='ocrx_word' id='word_1_249' title='bbox 317 3130 470 3219; x_wconf 84' lang='lat' dir='ltr'><strong>proferat,</strong></span> <span class='ocrx_word' id='word_1_250' title='bbox 492 3130 577 3222; x_wconf 90' lang='lat' dir='ltr'><strong>quod</strong></span> <span class='ocrx_word' id='word_1_251' title='bbox 600 3133 663 3198; x_wconf 89' lang='lat' dir='ltr'><strong>iarn</strong></span> <span class='ocrx_word' id='word_1_252' title='bbox 686 3128 754 3197; x_wconf 89' lang='lat' dir='ltr'><strong>aliis</strong></span> <span class='ocrx_word' id='word_1_253' title='bbox 777 3131 971 3222; x_wconf 85' lang='lat' dir='ltr'><strong>argumentis</strong></span> <span class='ocrx_word' id='word_1_254' title='bbox 992 3153 1089 3223; x_wconf 92' lang='lat' dir='ltr'><strong>supra</strong></span> <span class='ocrx_word' id='word_1_255' title='bbox 1111 3131 1366 3200; x_wconf 76' lang='lat' dir='ltr'><strong>demonstratum</strong></span> 
     </span>
     <span class='ocr_line' id='line_1_28' title="bbox 144 3238 1367 3335; baseline 0.004 -28"><span class='ocrx_word' id='word_1_256' title='bbox 144 3247 210 3320; x_wconf 78' lang='lat' dir='ltr'><strong>est,</strong></span> <span class='ocrx_word' id='word_1_257' title='bbox 236 3238 293 3306; x_wconf 90' lang='lat' dir='ltr'><strong>sed</strong></span> <span class='ocrx_word' id='word_1_258' title='bbox 314 3250 411 3308; x_wconf 90' lang='lat' dir='ltr'><strong>utne</strong></span> <span class='ocrx_word' id='word_1_259' title='bbox 432 3240 560 3307; x_wconf 87' lang='lat' dir='ltr'><strong>minime</strong></span> <span class='ocrx_word' id='word_1_260' title='bbox 583 3240 709 3330; x_wconf 91' lang='lat' dir='ltr'><strong>quidem</strong></span> <span class='ocrx_word' id='word_1_261' title='bbox 730 3241 811 3310; x_wconf 92' lang='lat' dir='ltr'><strong>scire</strong></span> <span class='ocrx_word' id='word_1_262' title='bbox 832 3243 1002 3326; x_wconf 83' lang='lat' dir='ltr'><strong>curaverit,</strong></span> <span class='ocrx_word' id='word_1_263' title='bbox 1030 3245 1083 3334; x_wconf 88' lang='lat' dir='ltr'><strong>qui</strong></span> <span class='ocrx_word' id='word_1_264' title='bbox 1105 3240 1284 3335; x_wconf 90' lang='lat' dir='ltr'><strong>qualesque</strong></span> <span class='ocrx_word' id='word_1_265' title='bbox 1305 3263 1367 3332; x_wconf 85' lang='lat' dir='ltr'><strong>pu-</strong></span> 
     </span>
     <span class='ocr_line' id='line_1_29' title="bbox 145 3346 1366 3442; baseline 0.007 -27"><span class='ocrx_word' id='word_1_266' title='bbox 145 3346 220 3439; x_wconf 86' lang='lat' dir='ltr'><strong>puli,</strong></span> <span class='ocrx_word' id='word_1_267' title='bbox 242 3348 388 3442; x_wconf 84' lang='lat' dir='ltr'><strong>qualibus</strong></span> <span class='ocrx_word' id='word_1_268' title='bbox 409 3349 549 3418; x_wconf 89' lang='lat' dir='ltr'><strong>moribus</strong></span> <span class='ocrx_word' id='word_1_269' title='bbox 570 3358 666 3439; x_wconf 91' lang='lat' dir='ltr'><strong>atque</strong></span> <span class='ocrx_word' id='word_1_270' title='bbox 686 3351 833 3419; x_wconf 85' lang='lat' dir='ltr'><strong>institutis</strong></span> <span class='ocrx_word' id='word_1_271' title='bbox 847 3353 896 3419; x_wconf 90' lang='lat' dir='ltr'><strong>usi</strong></span> <span class='ocrx_word' id='word_1_272' title='bbox 911 3375 970 3422; x_wconf 91' lang='lat' dir='ltr'><strong>sua</strong></span> <span class='ocrx_word' id='word_1_273' title='bbox 988 3362 1091 3422; x_wconf 91' lang='lat' dir='ltr'><strong>aetate</strong></span> <span class='ocrx_word' id='word_1_274' title='bbox 1103 3351 1366 3423; x_wconf 85' lang='lat' dir='ltr'><strong>Chersonnesum</strong></span> 
     </span>
     <span class='ocr_line' id='line_1_30' title="bbox 145 3455 950 3552; baseline 0.002 -24"><span class='ocrx_word' id='word_1_275' title='bbox 145 3455 318 3531; x_wconf 77' lang='lat' dir='ltr'><strong>Tauricam</strong></span> <span class='ocrx_word' id='word_1_276' title='bbox 340 3469 435 3551; x_wconf 90' lang='lat' dir='ltr'><strong>atque</strong></span> <span class='ocrx_word' id='word_1_277' title='bbox 456 3461 577 3528; x_wconf 88' lang='lat' dir='ltr'><strong>vicinas</strong></span> <span class='ocrx_word' id='word_1_278' title='bbox 599 3460 950 3552; x_wconf 78' lang='lat' dir='ltr'><strong>regionesbabitarenr.</strong></span> 
     </span>
    </p>

    <p class='ocr_par' dir='ltr' id='par_1_5' title="bbox 137 3566 1366 3998">
     <span class='ocr_line' id='line_1_31' title="bbox 229 3566 1366 3667; baseline 0.008 -32"><span class='ocrx_word' id='word_1_279' title='bbox 229 3566 314 3636; x_wconf 89' lang='lat' dir='ltr'><strong>Cum</strong></span> <span class='ocrx_word' id='word_1_280' title='bbox 329 3591 407 3659; x_wconf 89' lang='lat' dir='ltr'><strong>ergo</strong></span> <span class='ocrx_word' id='word_1_281' title='bbox 421 3568 586 3638; x_wconf 82' lang='lat' dir='ltr'><strong>Toxaridis</strong></span> <span class='ocrx_word' id='word_1_282' title='bbox 602 3571 735 3662; x_wconf 88' lang='lat' dir='ltr'><strong>scriptor</strong></span> <span class='ocrx_word' id='word_1_283' title='bbox 756 3571 796 3641; x_wconf 96' lang='lat' dir='ltr'><strong>de</strong></span> <span class='ocrx_word' id='word_1_284' title='bbox 816 3572 946 3664; x_wconf 88' lang='lat' dir='ltr'><strong>Scythis</strong></span> <span class='ocrx_word' id='word_1_285' title='bbox 966 3597 1071 3667; x_wconf 89' lang='lat' dir='ltr'><strong>neque</strong></span> <span class='ocrx_word' id='word_1_286' title='bbox 1092 3573 1250 3645; x_wconf 88' lang='lat' dir='ltr'><strong>curaverit</strong></span> <span class='ocrx_word' id='word_1_287' title='bbox 1271 3574 1366 3666; x_wconf 88' lang='lat' dir='ltr'><strong>quic·</strong></span> 
     </span>
     <span class='ocr_line' id='line_1_32' title="bbox 145 3679 1365 3778; baseline 0.009 -33"><span class='ocrx_word' id='word_1_288' title='bbox 145 3697 241 3767; x_wconf 85' lang='lat' dir='ltr'><strong>quarn</strong></span> <span class='ocrx_word' id='word_1_289' title='bbox 263 3679 346 3768; x_wconf 91' lang='lat' dir='ltr'><strong>ipse</strong></span> <span class='ocrx_word' id='word_1_290' title='bbox 374 3701 582 3772; x_wconf 87' lang='lat' dir='ltr'><strong>cognoscere,</strong></span> <span class='ocrx_word' id='word_1_291' title='bbox 617 3704 721 3772; x_wconf 90' lang='lat' dir='ltr'><strong>neque</strong></span> <span class='ocrx_word' id='word_1_292' title='bbox 749 3684 776 3750; x_wconf 87' lang='lat' dir='ltr'><strong>si</strong></span> <span class='ocrx_word' id='word_1_293' title='bbox 803 3695 947 3753; x_wconf 86' lang='lat' dir='ltr'><strong>curasset</strong></span> <span class='ocrx_word' id='word_1_294' title='bbox 968 3707 1162 3776; x_wconf 86' lang='lat' dir='ltr'><strong>cognoscere</strong></span> <span class='ocrx_word' id='word_1_295' title='bbox 1188 3687 1365 3778; x_wconf 56' lang='lat' dir='ltr'><strong>potuissem</strong></span> 
     </span>
     <span class='ocr_line' id='line_1_33' title="bbox 137 3788 1366 3887; baseline 0.011 -34"><span class='ocrx_word' id='word_1_296' title='bbox 137 3788 406 3876; x_wconf 76' lang='lat' dir='ltr'><strong>¹perncrutandum</strong></span> <span class='ocrx_word' id='word_1_297' title='bbox 438 3790 502 3858; x_wconf 89' lang='lat' dir='ltr'><strong>iarn</strong></span> <span class='ocrx_word' id='word_1_298' title='bbox 535 3800 598 3875; x_wconf 89' lang='lat' dir='ltr'><strong>est,</strong></span> <span class='ocrx_word' id='word_1_299' title='bbox 632 3814 710 3860; x_wconf 90' lang='lat' dir='ltr'><strong>rrum</strong></span> <span class='ocrx_word' id='word_1_300' title='bbox 741 3803 828 3861; x_wconf 88' lang='lat' dir='ltr'><strong>certa</strong></span> <span class='ocrx_word' id='word_1_301' title='bbox 861 3795 1018 3887; x_wconf 92' lang='lat' dir='ltr'><strong>quaedam</strong></span> <span class='ocrx_word' id='word_1_302' title='bbox 1050 3793 1160 3863; x_wconf 88' lang='lat' dir='ltr'><strong>litteris</strong></span> <span class='ocrx_word' id='word_1_303' title='bbox 1192 3805 1249 3865; x_wconf 92' lang='lat' dir='ltr'><strong>aut</strong></span> <span class='ocrx_word' id='word_1_304' title='bbox 1274 3797 1366 3867; x_wconf 84' lang='lat' dir='ltr'><strong>lama</strong></span> 
     </span>
     <span class='ocr_line' id='line_1_34' title="bbox 143 3894 1363 3998; baseline 0.011 -33"><span class='ocrx_word' id='word_1_305' title='bbox 143 3894 266 3967; x_wconf 76' lang='lat' dir='ltr'><strong>discere</strong></span> <span class='ocrx_word' id='word_1_306' title='bbox 286 3899 430 3991; x_wconf 89' lang='lat' dir='ltr'><strong>potuerit.</strong></span> <span class='ocrx_word' id='word_1_307' title='bbox 479 3900 576 3993; x_wconf 83' lang='lat' dir='ltr'><strong>Atqui</strong></span> <span class='ocrx_word' id='word_1_308' title='bbox 602 3903 629 3970; x_wconf 92' lang='lat' dir='ltr'><strong>si</strong></span> <span class='ocrx_word' id='word_1_309' title='bbox 654 3900 764 3971; x_wconf 90' lang='lat' dir='ltr'><strong>litteris</strong></span> <span class='ocrx_word' id='word_1_310' title='bbox 791 3914 846 3973; x_wconf 94' lang='lat' dir='ltr'><strong>aut</strong></span> <span class='ocrx_word' id='word_1_311' title='bbox 872 3905 957 3975; x_wconf 85' lang='lat' dir='ltr'><strong>lama</strong></span> <span class='ocrx_word' id='word_1_312' title='bbox 978 3908 1106 3998; x_wconf 89' lang='lat' dir='ltr'><strong>cognita</strong></span> <span class='ocrx_word' id='word_1_313' title='bbox 1128 3907 1298 3977; x_wconf 88' lang='lat' dir='ltr'><strong>statuimus</strong></span> <span class='ocrx_word' id='word_1_314' title='bbox 1318 3905 1363 3979; x_wconf 83' lang='lat' dir='ltr'><strong>ab</strong></span> 
     </span>
    </p>
   </div>
   <div class='ocr_carea' id='block_1_5' title="bbox 145 4092 351 4111">
    <p class='ocr_par' dir='ltr' id='par_1_6' title="bbox 145 4092 351 4111">
     <span class='ocr_line' id='line_1_35' title="bbox 145 4092 351 4111; baseline 0.005 -1"><span class='ocrx_word' id='word_1_315' title='bbox 145 4092 351 4111; x_wconf 40' lang='grc' dir='ltr'><strong>ᾗ·</strong></span> 
     </span>
    </p>
   </div>
   <div class='ocr_carea' id='block_1_6' title="bbox 130 4213 1365 4553">
    <p class='ocr_par' dir='ltr' id='par_1_7' title="bbox 130 4213 1365 4553">
     <span class='ocr_line' id='line_1_36' title="bbox 130 4213 1363 4296; baseline 0.012 -27"><span class='ocrx_word' id='word_1_316' title='bbox 130 4251 153 4273; x_wconf 27' lang='grc' dir='ltr'><strong>ν,</strong></span> <span class='ocrx_word' id='word_1_317' title='bbox 217 4213 294 4280; x_wconf 74' lang='lat' dir='ltr'><strong>&#39;llis</strong></span> <span class='ocrx_word' id='word_1_318' title='bbox 315 4234 383 4286; x_wconf 77' lang='lat' dir='ltr'><strong>quae</strong></span> <span class='ocrx_word' id='word_1_319' title='bbox 400 4221 518 4275; x_wconf 85' lang='lat' dir='ltr'><strong>Boeclsh.</strong></span> <span class='ocrx_word' id='word_1_320' title='bbox 544 4220 628 4291; x_wconf 86' lang='lat' dir='ltr'><strong>(corp.</strong></span> <span class='ocrx_word' id='word_1_321' title='bbox 646 4224 727 4276; x_wconf 84' lang='lat' dir='ltr'><strong>inser.</strong></span> <span class='ocrx_word' id='word_1_322' title='bbox 745 4226 784 4289; x_wconf 89' lang='lat'><strong>11,</strong></span> <span class='ocrx_word' id='word_1_323' title='bbox 801 4223 912 4292; x_wconf 67' lang='lat' dir='ltr'><strong>part)</strong></span> <span class='ocrx_word' id='word_1_324' title='bbox 935 4227 1011 4279; x_wconf 78' lang='lat' dir='ltr'><strong>affert</strong></span> <span class='ocrx_word' id='word_1_325' title='bbox 1034 4232 1138 4280; x_wconf 85' lang='lat' dir='ltr'><strong>tentum</strong></span> <span class='ocrx_word' id='word_1_326' title='bbox 1161 4227 1213 4280; x_wconf 86' lang='lat' dir='ltr'><strong>boo</strong></span> <span class='ocrx_word' id='word_1_327' title='bbox 1235 4226 1363 4296; x_wconf 80' lang='lat' dir='ltr'><strong>probant,</strong></span> 
     </span>
     <span class='ocr_line' id='line_1_37' title="bbox 138 4296 1363 4384; baseline 0.016 -32"><span class='ocrx_word' id='word_1_328' title='bbox 138 4296 237 4356; x_wconf 81' lang='lat' dir='ltr'><strong>Diouis</strong></span> <span class='ocrx_word' id='word_1_329' title='bbox 259 4304 355 4373; x_wconf 78' lang='lat' dir='ltr'><strong>Chrys.</strong></span> <span class='ocrx_word' id='word_1_330' title='bbox 379 4313 465 4360; x_wconf 83' lang='lat' dir='ltr'><strong>aetate</strong></span> <span class='ocrx_word' id='word_1_331' title='bbox 489 4307 607 4361; x_wconf 89' lang='lat' dir='ltr'><strong>nondum</strong></span> <span class='ocrx_word' id='word_1_332' title='bbox 631 4315 712 4361; x_wconf 88' lang='lat' dir='ltr'><strong>totam</strong></span> <span class='ocrx_word' id='word_1_333' title='bbox 735 4311 889 4378; x_wconf 81' lang='lat' dir='ltr'><strong>Scythicam</strong></span> <span class='ocrx_word' id='word_1_334' title='bbox 916 4317 1052 4368; x_wconf 85' lang='lat' dir='ltr'><strong>nationem</strong></span> <span class='ocrx_word' id='word_1_335' title='bbox 1082 4316 1241 4368; x_wconf 82' lang='lat' dir='ltr'><strong>exstinctam</strong></span> <span class='ocrx_word' id='word_1_336' title='bbox 1265 4317 1363 4384; x_wconf 71' lang='lat' dir='ltr'><strong>fuisse,</strong></span> 
     </span>
     <span class='ocr_line' id='line_1_38' title="bbox 141 4393 1365 4470; baseline 0.02 -31"><span class='ocrx_word' id='word_1_337' title='bbox 141 4401 195 4439; x_wconf 79' lang='lat' dir='ltr'><strong>uorr</strong></span> <span class='ocrx_word' id='word_1_338' title='bbox 213 4406 276 4442; x_wconf 87' lang='lat' dir='ltr'><strong>vero</strong></span> <span class='ocrx_word' id='word_1_339' title='bbox 294 4393 487 4461; x_wconf 84' lang='lat' dir='ltr'><strong>demonstrant,</strong></span> <span class='ocrx_word' id='word_1_340' title='bbox 515 4396 630 4464; x_wconf 80' lang='lat' dir='ltr'><strong>Scythas</strong></span> <span class='ocrx_word' id='word_1_341' title='bbox 649 4398 785 4449; x_wconf 87' lang='lat' dir='ltr'><strong>etiamtum</strong></span> <span class='ocrx_word' id='word_1_342' title='bbox 807 4417 854 4467; x_wconf 89' lang='lat' dir='ltr'><strong>per</strong></span> <span class='ocrx_word' id='word_1_343' title='bbox 875 4408 956 4454; x_wconf 86' lang='lat' dir='ltr'><strong>totam</strong></span> <span class='ocrx_word' id='word_1_344' title='bbox 980 4403 1118 4470; x_wconf 82' lang='lat' dir='ltr'><strong>pristinam</strong></span> <span class='ocrx_word' id='word_1_345' title='bbox 1143 4405 1258 4469; x_wconf 75' lang='lat' dir='ltr'><strong>partiam</strong></span> <span class='ocrx_word' id='word_1_346' title='bbox 1282 4421 1365 4461; x_wconf 69' lang='lat' dir='ltr'><strong>uttam</strong></span> 
     </span>
     <span class='ocr_line' id='line_1_39' title="bbox 140 4477 749 4553; baseline 0.021 -29"><span class='ocrx_word' id='word_1_347' title='bbox 140 4479 219 4540; x_wconf 79' lang='lat' dir='ltr'><strong>atque</strong></span> <span class='ocrx_word' id='word_1_348' title='bbox 236 4477 316 4531; x_wconf 80' lang='lat' dir='ltr'><strong>etism</strong></span> <span class='ocrx_word' id='word_1_349' title='bbox 333 4484 407 4533; x_wconf 67' lang='lat' dir='ltr'><strong>haas</strong></span> <span class='ocrx_word' id='word_1_350' title='bbox 425 4482 538 4536; x_wconf 74' lang='lat' dir='ltr'><strong>Tanaim</strong></span> <span class='ocrx_word' id='word_1_351' title='bbox 554 4491 666 4553; x_wconf 79' lang='lat' dir='ltr'><strong>vagatos</strong></span> <span class='ocrx_word' id='word_1_352' title='bbox 684 4501 749 4539; x_wconf 86' lang='lat' dir='ltr'><strong>esse.</strong></span> 
     </span>
    </p>
   </div>
   <div class='ocr_carea' id='block_1_7' title="bbox 0 0 1432 4906">
    <p class='ocr_par' dir='ltr' id='par_1_8' title="bbox 0 0 1432 4906">
     <span class='ocr_line' id='line_1_40' title="bbox 0 0 1432 4906; baseline 0 1"><span class='ocrx_word' id='word_1_353' title='bbox 0 0 1432 4906; x_wconf 95' lang='lat' dir='ltr'><strong> </strong></span> 
     </span>
    </p>
   </div>
  </div>
 </body>
</html>
