2856 4906
686 213 706 274 6

101 403 181 470 quae
204 378 368 460 antecedit,
391 389 423 446 et
443 403 489 461 ea,
515 401 596 467 quae
612 380 760 468 sequitur,
783 379 912 477 dicatur,
934 381 991 446 nisi
1013 379 1075 445 hoc
1098 401 1195 445 unum
1212 378 1314 444 idem·

102 512 176 578 que:
208 491 253 570 „si
276 511 346 568 eos,
373 489 486 577 quibus
510 498 600 555 autea
624 510 686 554 non
709 488 937 555 sacrificavistis
961 498 995 554 ut
1016 488 1098 569 deis,
1121 511 1205 554 nunc
1224 486 1313 554 nullo

101 598 250 669 beneficio
274 607 403 687 accepto
430 624 448 664 ε
471 602 643 667 corttrorlo
666 599 719 685 (τὸ
743 595 904 686 ἔμπαλιν)
928 598 1005 664 deos
1029 621 1100 664 esse
1115 599 1237 664 creditis
1260 620 1316 664 sa·

101 707 285 796 orificiisque
307 706 424 788 colitis,
452 747 491 756 -
516 708 887 796 corilrart'omfaeiatls
910 709 953 785 ei,
981 707 1065 796 quod
1094 717 1184 772 antea
1209 709 1315 772 lacere

103 816 282 882 solebatis.“
327 816 455 883 Accedit
487 819 571 906 quod
599 820 766 898 sententia,
799 841 890 907 quae
912 841 952 882 ex
987 816 1242 883 antecedentibus
1272 817 1316 882 ad

102 927 343 991 enuntiationem
371 932 486 1013 γελοῖα
514 929 576 1018 γάρ
600 924 641 996 ἀν
661 932 766 996 ταῦτα
798 924 909 1008 δόξειε
946 926 1003 994 καί
1028 921 1214 995 ὑπεναντία
1241 933 1316 1008 τοῖς

102 1031 214 1103 πάλαι
236 1034 444 1124 intellegenda
468 1048 530 1118 est,
557 1037 664 1124 (simul
687 1041 768 1103 enim
791 1037 980 1102 audiendum
1003 1033 1099 1124 εἰμὴ
1123 1033 1258 1122 ἀγαθόν
1278 1065 1317 1106 τι

102 1143 315 1232 ἐργάσαιντο)
339 1147 377 1213 ad
393 1145 523 1212 alteram
546 1147 638 1212 buius
657 1135 876 1212 enuntiationis
893 1155 1012 1235 partem
1037 1146 1107 1233 (καί
1127 1143 1316 1216 ὑπεναντία

102 1261 173 1335 τοῖς
195 1250 319 1340 πάλαι)
343 1255 447 1320 referri
472 1259 522 1322 vix
549 1258 662 1345 possit3
697 1280 770 1323 narn
798 1257 917 1321 etiamsi
946 1255 1107 1320 ridendum
1130 1279 1191 1321 non
1220 1269 1316 1336 esset,

103 1367 129 1431 si
153 1363 302 1429 beneficio
325 1374 457 1454 accepto
481 1369 611 1454 permoti
631 1366 769 1455 Scythae
788 1365 932 1430 Orestem
957 1375 988 1428 et
1004 1363 1157 1452 Pyladem
1181 1375 1214 1430 ut
1237 1365 1316 1430 deos

104 1473 287 1551 coluissent,
320 1480 528 1542 ευιιίνονίκνκ
559 1481 699 1563 (rectique
727 1479 812 1542 ιυονί
839 1473 934 1541 nihilo
962 1477 1064 1540 minus
1092 1484 1184 1540 esset.
1227 1473 1315 1539 Tum

105 1583 224 1648 etiamsi
242 1581 442 1648 haecomnia
460 1594 545 1650 recte
562 1609 596 1651 se
613 1587 772 1663 haberent,
784 1585 919 1675 graviori
937 1587 1108 1651 sententiae
1124 1582 1313 1671 γείοῖαγάρ

104 1687 145 1762 ἀν
162 1687 274 1771 δόξειε
296 1695 453 1758 nonsatis
476 1703 549 1782 apte
572 1695 718 1761 adiuncta
742 1704 825 1760 esset
847 1694 946 1760 levior
968 1693 1025 1762 καί
1045 1690 1316 1772 testanteesaia

104 1798 226 1870 πάλαι.
277 1799 474 1867 Manifestum
502 1812 608 1868 autern
637 1813 699 1885 est,
729 1805 911 1893 scriptorem
938 1804 1000 1871 hoc
1028 1804 1130 1870 dicere
1160 1798 1316 1867 voluisse}

103 1935 197 1992 „nam
211 1912 236 1976 si
252 1910 352 1998 (nullo
365 1911 514 1978 beneficio
527 1915 672 2002 accepto)
691 1913 854 2002 pristinum
870 1935 991 1979 morem
1004 1912 1207 1991 mutaveritis,
1219 1919 1318 1998 atque

105 2031 139 2086 ut
157 2020 232 2086 deos
258 2018 367 2086 colatis
388 2042 453 2101 eos,
478 2044 558 2109 quos
585 2022 747 2088 immolare
773 2022 932 2103 voluistis,
956 2022 1120 2089 ridiculum
1137 2021 1199 2087 hoc
1220 2022 1291 2085 sit“.

190 2130 289 2195 Porro
313 2127 409 2196 c.Vll
432 2135 474 2218 (p.
486 2131 550 2196 223
573 2156 624 2196 vv.
640 2132 782 2214 27-31)
805 2133 999 2222 gravioribus
1023 2129 1082 2201 oda
1105 2126 1314 2217 ἀνθρώπινα

103 2243 208 2307 ταῦτα
236 2234 393 2328 ᾠήθημεν
420 2230 508 2306 εἶναι
534 2264 631 2330 prave
654 2241 819 2307 subiuncta
849 2253 920 2307 sunt
947 2227 1064 2307 leviora
1094 2236 1200 2323 (ἀλλά
1222 2265 1318 2320 τινος

104 2345 234 2437 γνώμης
261 2345 449 2433 βελτίονος)
480 2345 502 2437 ἢ
531 2351 615 2418 κατὰ
642 2352 721 2430 τοὺς
748 2349 898 2429 πολλοὺς
928 2347 1067 2430 τούτους
1099 2345 1316 2437 ἀνθρώπους,

106 2456 253 2542 οἳ....,·
286 2458 407 2524 namsi
431 2458 551 2525 Orestis
579 2471 610 2526 et
635 2459 764 2548 Pyladis
796 2469 905 2525 mutua
934 2461 1150 2526 benevolentia
1180 2469 1211 2525 et
1236 2458 1316 2524 fides

105 2571 203 2636 maior
224 2579 291 2634 erat
314 2593 409 2657 quam
431 2592 488 2658 pro
512 2569 648 2635 humana
673 2580 799 2653 natura,
821 2571 925 2658 inepte
949 2569 1086 2644 additur,
1110 2593 1181 2634 eant
1203 2567 1316 2634 libera·

104 2680 188 2745 lioris
211 2679 322 2743 mentis
345 2679 455 2758 luisse,
483 2701 579 2767 quam
602 2702 683 2766 quae
707 2679 795 2769 vulgi
823 2678 903 2744 infidi
927 2702 997 2744 csse
1021 2679 1122 2746 soleat
1150 2690 1181 2745 et
1205 2701 1317 2744 eorum

105 2791 293 2865 amicorum,
326 2783 363 2854 οἳ
386 2787 483 2874 μέχρι
513 2788 574 2872 μὲν
601 2785 671 2856 κατ’
696 2781 795 2878 οὖρον
824 2783 843 2858 ὑ
872 2790 979 2869 πλοῦς
1001 2787 1069 2878 εἴη,
1100 2795 1171 2869 τοῖς
1199 2786 1318 2878 φίλοις

105 2894 356 2985 ἀγανακτοῦσιν,
380 2895 411 2965 εί
431 2898 477 2986 μὴ
501 2894 553 2965 ἐπ’
570 2895 645 2986 ἴσης
667 2895 910 2986 κοινωνήσουστ
931 2902 998 2967 ταῖν
1021 2895 1140 2988 ἡδέων,
1164 2897 1256 2967 εἶδέ
1280 2925 1318 2966 τι

104 3007 161 3076 καί
177 3007 296 3095 μικρὸν
319 3004 568 3076 ἀντιπνεύσειεν
591 3004 715 3090 αὐτοῖς,
739 3004 888 3092 οἴχονται
908 3007 1033 3094 μόνους
1053 3015 1125 3091 τοῖς
1147 3004 1317 3088 κινδύνοις
1339 3050 1343 3055 -

104 3115 346 3196 ἀπολιπόντες.

192 3226 340 3292 Similiter
355 3225 462 3315 paullo
480 3227 606 3292 inferius
630 3251 656 3294 c.
676 3226 729 3293 Vll
755 3233 798 3317 (p.
815 3229 880 3293 223
904 3253 955 3293 vv.
973 3230 1140 3312 35-37),
1163 3251 1236 3296 curn
1252 3228 1316 3293 iam

105 3338 223 3404 dictum
247 3340 299 3400 sit:
322 3335 404 3415 „hoc
426 3337 509 3402 enim
532 3340 624 3416 scias,
647 3337 781 3404 amicitia
804 3338 905 3402 maius
929 3340 1089 3426 aScythis
1113 3338 1186 3404 nihil
1210 3338 1318 3402 existi·

105 3448 200 3526 mari,
230 3469 333 3534 neque
362 3468 434 3511 esse
456 3448 644 3534 quicquam,
671 3448 700 3512 in
729 3469 791 3535 quo
820 3448 921 3536 iringis
943 3445 1130 3536 glorientur,
1162 3469 1257 3534 quam
1290 3450 1317 3513 si

105 3557 272 3646 participes
301 3555 509 3644 periculorum
538 3557 647 3620 amicis
676 3579 711 3621 se
738 3558 950 3645 praebuei·int;
983 3564 1146 3644 propterea
1171 3553 1317 3618 Orestem

105 3676 137 3732 et
151 3663 305 3752 Pyladem
324 3663 465 3742 colimus,
490 3690 563 3732 curn
585 3667 842 3756 praestantissimi
865 3667 976 3730 luerint
997 3666 1027 3728 in
1051 3666 1105 3741 eis,
1129 3685 1211 3751 quae
1233 3661 1317 3726 bona

107 3774 300 3862 Scytharum
328 3783 437 3856 sunt“,
472 3775 575 3840 denuo
611 3775 649 3838 ad
686 3778 861 3840 satietatem
889 3774 1036 3860 repetitur
1062 3773 1119 3839 καί
1146 3769 1182 3839 ἓν
1213 3768 1319 3862 φιλίᾳ

106 3881 330 3970 ὑιενεγκότας,
359 3878 379 3955 ὑ
401 3890 535 3974 πρῶτον
557 3881 652 3973 ἡμεῖς
674 3879 835 3951 ἁπάντων
855 3876 1087 3965 θαυμάζομεν.

192 3995 313 4062 Deinde
326 4020 394 4085 cap.
405 3993 481 4060 Xlll
494 4005 570 4059 extr.
585 3993 707 4080 (pato,
721 4015 772 4055 vv.
782 3992 922 4075 36-37)
941 4002 1110 4079 postquam
1126 3991 1232 4057 multis
1246 4013 1320 4056 ver-

105 4108 152 4173 bis
170 4108 346 4197 expositum
365 4115 425 4184 est,
450 4113 566 4191 quanta
587 4103 625 4165 ad
644 4102 774 4165 iuvenes
793 4123 900 4166 amore
918 4101 1128 4168 incendendos
1149 4099 1320 4167 calliditate

106 4217 269 4283 Chariclea
296 4216 401 4294 luerit,
436 4211 544 4300 [rigide
572 4209 708 4274 additur:
742 4220 793 4288 „et
821 4210 926 4277 multis
956 4212 986 4276 in
1015 4222 1172 4276 urinatores
1198 4210 1320 4276 artibus

105 4336 172 4392 crat
193 4329 342 4392 instructa
351 4333 369 4362 “
393 4321 469 4409 (uui
490 4319 603 4388 πολλὰ
624 4317 844 4409 μηχανήματα
864 4317 1117 4411 παρεσκεύαστο
1140 4320 1225 4388 κατά
1247 4326 1319 4389 τῶν

103 4435 273 4524 ἐραστῶν).
