2856 4906
83 1043 262 1129 tuohnun
283 1045 452 1130 serviliter
467 1042 640 1127 torroritis
658 1044 856 1147 scriptorem
873 1044 1034 1128 initatrrrn
1051 1065 1152 1139 essm
1178 1050 1292 1129 aetate

118 1173 341 1276 posteriorem
368 1173 488 1256 ioissc.
519 1217 561 1230 -
594 1172 677 1254 tote
704 1171 866 1256 ieoinron
892 1173 1064 1256 saccutum
1090 1172 1256 1275 dialogum

524 1298 683 1401 scriptun
710 1321 795 1384 osse
812 1299 848 1405 Ἰ.

587 1515 789 1528 ——m

636 1678 743 1746 Decipit
761 1676 895 1745 exemplar
912 1675 987 1729 vitiis
1006 1674 1145 1730 imitabile.

905 1771 996 1827 Horat.
1016 1773 1091 1839 epist.
1111 1768 1257 1836 1,19,1'i.

172 1898 312 2030 Quodsi
340 1936 435 2007 nilrilo
464 1941 566 2007 minus
595 1964 636 2010 ex
658 1943 718 2024 eis,
751 1941 804 2032 qui
827 1937 957 2007 Luciani
978 1941 1091 2030 scripta
1124 1938 1295 2017 ediderunt,

84 2069 179 2116 nemo
194 2058 318 2139 praeter
331 2047 511 2116 Bclrlrerunr
523 2050 674 2118 Toxarim
690 2050 849 2141 dialogum
867 2051 1026 2116 subditum
1042 2073 1112 2116 csse
1133 2048 1295 2129 intellexit,

85 2157 148 2225 hoc
177 2159 248 2226 inde
275 2159 393 2225 lactum
423 2168 484 2242 cst,
513 2161 597 2249 quod
620 2159 784 2227 Toxaridis
809 2161 945 2250 'scriptor
971 2162 1142 2226 orationem
1164 2157 1296 2224 Luciani

86 2267 236 2337 serviliter
257 2270 395 2336 imitatus
419 2279 475 2336 cst.
512 2269 586 2355 Qua
608 2272 638 2337 in
661 2293 694 2337 re
718 2271 746 2337 ei
768 2270 879 2337 accidit
900 2269 940 2349 id,
962 2269 1047 2358 quod
1068 2268 1211 2335 omnibus
1226 2267 1294 2332 irni-

85 2381 237 2448 totcribus
259 2380 401 2447 accidere
422 2379 513 2447 solet.
562 2383 655 2467 Quae
677 2381 760 2447 enirn
782 2379 953 2471 exemplari
976 2381 1118 2469 propriae
1140 2386 1213 2443 sunt
1232 2375 1295 2441 vir·

85 2498 179 2572 iuteo,
201 2514 258 2558 eac
280 2491 428 2558 imitando
452 2513 549 2581 saepe
570 2493 601 2557 in
624 2492 697 2557 vitia
720 2492 874 2570 contraria
889 2498 1070 2570 vertuntur3
1093 2490 1138 2554 sic
1153 2489 1205 2577 qui
1221 2488 1295 2552 sim-

85 2598 201 2691 plicem
224 2601 395 2668 orationem
427 2601 564 2666 imitatur
596 2623 691 2690 saepe
713 2600 848 2682 ieiunus,
883 2601 935 2690 qni
963 2598 1130 2666 sublimem
1152 2596 1296 2687 turgidus

86 2717 151 2792 est3
184 2712 236 2801 qui
270 2711 410 2776 strictum
444 2711 627 2801 scriptorem
657 2711 833 2778 aemulatur
856 2708 1024 2789 obscurus,
1053 2709 1105 2798 qui
1133 2708 1296 2798 copiosum

85 2819 239 2887 verbosus
268 2819 403 2887 evadere
431 2817 520 2886 solet.
574 2819 698 2888 Deinde
723 2828 796 2887 sunu
823 2819 993 2908 quaedam,
1028 2841 1109 2908 quac
1136 2839 1210 2884 curn
1236 2839 1295 2882 suo

85 2927 158 2998 loco
185 2939 292 3021 aptam
320 2940 415 3021 atque
441 2930 577 3022 lepidam
605 2931 789 2998 sententiam
811 2929 996 3020 praebeant,
1029 2927 1069 2996 ab
1090 2929 1243 2995 imitatore
1264 2927 1295 2992 in

87 3038 188 3111 alieno
208 3039 281 3109 loco
297 3043 405 3134 posita
425 3043 540 3122 mania,
559 3061 799 3128 nonnumquam
821 3040 917 3105 etiam
937 3039 1042 3127 inepto
1064 3037 1133 3103 sint.

275 3229 416 3286 Perverseo
432 3229 588 3282 imitationis
606 3230 737 3299 exempla:
756 3230 789 3282 de
806 3230 926 3282 ubertate
944 3227 1092 3280 uerborum.

147 3353 154 3375 '
172 3370 228 3438 Sic
250 3368 425 3438 aLuciano
448 3368 547 3436 multa
570 3372 697 3460 copiose
718 3370 903 3451 dictasunt,
927 3370 982 3438 scd
1004 3372 1057 3451 ita,
1077 3378 1113 3435 ut
1128 3369 1196 3434 sive
1218 3389 1294 3433 coa-

88 3482 222 3550 cervatis
243 3479 377 3550 vocilius
404 3481 498 3549 variis
526 3478 628 3547 modis
656 3481 837 3574 exprimitur
863 3481 1028 3562 sententia,
1060 3481 1126 3546 sive
1154 3489 1295 3569 augetur,

161 3724 180 3788 ¹)
198 3725 284 3790 Libri,
301 3740 336 3778 ox
351 3723 449 3792 quibus
463 3722 562 3777 multos
580 3723 653 3777 locos
671 3724 700 3775 in
718 3722 769 3777 hac
787 3724 1015 3777 commentationis
1029 3727 1102 3789 perte
1116 3722 1203 3786 attuli,
1222 3726 1296 3773 sunto
1393 3733 1398 3744 ·

123 3808 234 3865 Luctus.
252 3812 292 3863 ed.
311 3811 423 3866 Bekker.

123 3896 259 3949 Heliodor.
277 3898 316 3952 od.
334 3898 448 3951 Beirker.
484 3899 593 3964 Lipsiae
609 3896 788 3951 MDOCOLV.

122 3983 242 4050 Alcipirr.
262 3984 301 4034 eri.
320 3985 390 4052 Aug.
407 3985 524 4037 Meinelr.
560 3986 668 4053 Lipsiae
686 3983 878 4037 sinuentur.

122 4068 222 4125 sehin.
241 4069 312 4122 root.
331 4070 371 4141 eri.
389 4073 493 4127 Jacobs.

123 4158 257 4212 ennaea
276 4156 315 4211 ed.
335 4158 524 4212 Boisoonnade.

120 4245 223 4301 sterit.
241 4245 282 4300 οῦ.
300 4240 437 4298 emeatus.

123 4333 246 4402 Xenoph.
258 4333 356 4401 Epiros.
388 4334 427 4386 ed.
446 4330 578 4399 Bodotph.
595 4333 712 4387 Horcher
734 4333 835 4397 (cretici
859 4335 998 4402 scriptores
1022 4335 1111 4403 groeci
1135 4337 1197 4384 tom.
1220 4330 1295 4398 prim.

124 4418 212 4490 Longi
230 4421 352 4488 pastoral.
424 4421 497 4488 Lips.
515 4419 742 4492 uncccnvrn).

88 4505 199 4566 Numeri
217 4510 294 4561 uncis
311 4509 410 4562 inclusi
427 4510 585 4576 pagisorum
604 4514 682 4576 atquo
699 4520 824 4560 sormam
842 4515 913 4562 sunt.

1071 4597 1123 4660 Ὢ
