2856 4906
744 234 762 294 7

223 402 373 472 Similiter
399 404 513 467 iterum
536 399 684 496 capllV
708 423 783 466 cum
807 401 934 491 copiose
957 409 1135 466 enarratum
1158 405 1210 479 sit,
1238 402 1351 490 quibus

138 517 249 583 astutis
272 512 406 579 artificiis
428 509 592 577 Chariclea
617 512 748 576 iuvenes
771 534 885 599 capere
907 521 938 576 et
959 509 1086 576 delinire
1108 513 1228 589 scierit,
1249 513 1352 600 inepte

137 624 317 712 adiungitur
338 618 397 689 καί
418 645 487 688 σου
507 621 565 688 καί
586 614 671 711 ᾆσαι
693 618 751 687 καὶ
773 617 969 707 κιθαρίσαι·
993 622 1129 710 primum
1147 619 1233 709 quod
1251 618 1351 685 multo

135 733 253 800 leviora
280 731 360 796 baec
383 740 465 810 sunt,
489 754 584 818 quam
608 755 656 810 ea,
679 754 761 818 quae
784 739 1031 808 antecesserunt,
1053 729 1164 796 deinde
1186 731 1271 818 quod
1293 730 1351 795 du-

136 843 268 908 bitanter
291 841 496 929 proferuntur.
548 839 619 906 Hoc
643 850 749 905 autem
772 841 908 906 maxime
931 849 1075 928 apparet,
1104 841 1129 904 si
1159 850 1193 905 ut
1215 838 1349 905 lacobus

136 953 223 1028 lecit,
252 949 344 1015 verba
368 949 410 1013 ita
432 949 552 1015 reddis:
581 957 637 1027 „et
665 953 730 1016 nisi
752 950 862 1037 fallor·
886 950 979 1014 etiam
1002 972 1117 1015 canere
1140 958 1171 1014 et
1188 948 1350 1038 psallere“

135 1059 249 1147 Neque
274 1059 341 1123 iure
364 1058 438 1124 mibi
461 1059 584 1123 videtur
607 1056 771 1122 lacobitius
801 1068 927 1147 propter
955 1059 1037 1124 banc
1064 1059 1348 1145 interpretationem

134 1170 165 1234 in
182 1167 332 1234 lacobum
355 1166 473 1246 invebi3
497 1167 604 1230 lortius
622 1167 747 1254 quidem
771 1164 839 1235 πού
862 1165 1046 1256 particulam
1071 1190 1254 1255 expressam
1277 1191 1348 1233 esse

134 1299 196 1342 non
217 1276 408 1365 negandum,
428 1277 482 1340 sed
501 1277 594 1340 etiam
612 1277 636 1339 si
653 1275 749 1340 verba
765 1277 806 1341 ita
824 1276 1010 1342 redduntur:
1034 1285 1086 1356 „et
1102 1277 1236 1341 fortasse
1253 1279 1348 1342 etiarn

134 1408 249 1452 canere
271 1394 349 1454 etc.“
377 1387 481 1473 inepta
513 1393 561 1450 est
583 1386 692 1450 oratio.
743 1384 925 1452 lacobitinnr
948 1406 1023 1450 vero
1047 1384 1163 1451 lacobo
1187 1386 1261 1450 vitio
1291 1386 1346 1453 de·

134 1495 225 1575 disse,
249 1497 332 1584 quod
355 1497 385 1559 in
408 1501 562 1582 scriptore
585 1493 701 1580 dialogi
724 1493 950 1584 reprehendere
974 1493 1109 1575 deberet,
1131 1516 1193 1559 non
1216 1504 1265 1560 est
1287 1497 1347 1562 mi·

133 1604 275 1684 randum,
299 1627 372 1669 cum
395 1605 422 1668 ei
446 1625 639 1692 persuasum>
656 1614 749 1680 esset,
772 1604 923 1671 Toxarim
946 1603 1105 1690 dialogum
1130 1604 1346 1692 pereleganter

133 1737 204 1779 esse
226 1717 386 1803 scriptum.
409 1709 587 1799 -Neque
610 1714 639 1777 in
662 1714 883 1780 enumerandis
906 1714 1004 1791 donis,
1027 1737 1108 1801 quae
1132 1713 1240 1780 Dinias
1258 1714 1344 1780 Cha·

132 1820 245 1890 ricleae
269 1823 400 1912 largitus
422 1845 494 1888 esse
516 1823 626 1887 dicitur
648 1821 750 1888 exv
770 1825 862 1904 (227,
880 1823 1048 1902 29-30(,
1077 1846 1094 1887 a
1119 1824 1343 1890 consuetudine

132 1957 190 1998 ana
212 1934 345 2022 scriptor
368 1933 500 2011 recedit,
531 1954 604 1997 nam
633 1929 684 1998 hic
706 1956 834 2021 quoque
864 1933 1032 1999 maioribus
1056 1932 1195 2018 adiungit
1224 1934 1342 1998 minora

132 2038 239 2120 (oillei
267 2041 433 2111 συνοικίαι
465 2041 545 2111 ὅλαι
574 2043 632 2108 καί
661 2039 759 2131 ἀγροὶ
785 2044 842 2111 καί
873 2039 1087 2131 θεράπαιναι
1114 2042 1171 2109 καὶ
1198 2041 1340 2130 ἐσθῆτες

133 2148 321 2234 εὐανθεῖς).

218 2262 366 2327 Eiusdem
386 2284 483 2350 prope
501 2262 623 2350 generis
648 2262 757 2325 vitium
776 2262 868 2327 etiam
887 2261 947 2328 boc
969 2272 1025 2327 est.
1060 2261 1214 2327 Narratur
1233 2261 1339 2326 Dinias

131 2395 158 2437 e
171 2371 239 2437 eod.
253 2373 338 2453 (227,
355 2372 495 2454 25-28)
516 2393 588 2436 eum
610 2372 672 2458 iarn
688 2369 852 2436 Chariclen
876 2395 948 2438 cum
964 2395 1003 2436 eo
1026 2371 1174 2460 congredi
1192 2372 1343 2448 desiisset,

131 2480 322 2561 lacrimasse,
338 2503 451 2546 nomen
468 2483 535 2545 eius
551 2476 736 2568 appellasse,
752 2489 888 2546 statuam
905 2480 1085 2569 amplexum
1102 2505 1183 2562 esse,
1205 2483 1290 2546 humi
1307 2504 1341 2546 se

132 2590 302 2669 volutasse,
325 2612 406 2676 quae
428 2591 555 2654 furentis
578 2612 648 2654 esse
671 2601 755 2654 recte
777 2591 837 2656 dici
860 2601 1000 2679 possunt,
1024 2593 1166 2678 beneque
1188 2613 1263 2676 ergo
1287 2591 1342 2656 ad-

132 2699 225 2764 ditur:
253 2708 373 2786 „atque
396 2698 474 2763 haec
502 2700 563 2764 iarn
590 2700 670 2763 iusta
698 2701 815 2764 insania
844 2710 910 2766 erat
921 2711 952 2780 “3
987 2699 1244 2766 atenibilominus
1272 2702 1343 2780 l'roc,

130 2809 219 2896 quasi
241 2831 303 2873 non
327 2831 367 2873 ex
383 2810 438 2888 eis,
460 2831 541 2896 quae
565 2808 659 2873 modo
683 2808 802 2896 prolata
819 2819 901 2890 sunt,
923 2820 1082 2897 sequatur,
1104 2809 1206 2876 denuo
1231 2810 1341 2876 confir·

130 2929 234 2984 matur
256 2919 448 3005 argumentis
471 2919 555 2998 (227,
572 2918 728 2996 tas-30),
751 2941 832 3006 quae
853 2943 908 3008 per
931 2919 1115 3007 sequidem
1138 2941 1199 2985 non
1223 2919 1341 2984 medio·

100 3030 191 3095 veria
214 3027 331 3093 leviora
355 3037 458 3092 tamen
481 3036 554 3095 sunt
576 3050 672 3114 quam
694 3051 741 3107 ea,
764 3050 845 3114 quae
868 3038 1112 3093 antecesserunt.

215 3138 307 3222 Quae
335 3160 409 3202 vero
439 3159 507 3224 cap.
530 3134 608 3200 XlV
631 3145 708 3201 extr.
733 3136 822 3213 (227,
842 3137 991 3216 12-13)
1015 3135 1172 3224 leguntur,
1194 3136 1252 3206 καί
1272 3163 1341 3207 που

130 3246 313 3334 συνηνέχθη
333 3245 445 3313 πολλὰ
468 3241 665 3324 ἱκετευθείς,
701 3242 791 3332 plane
819 3244 953 3309 absurda
986 3269 1056 3310 esse
1084 3247 1156 3312 mibi
1189 3247 1341 3315 videntur.

130 3355 214 3440 Quid
237 3356 319 3421 enim
342 3354 399 3419 sibi
421 3353 490 3419 vult
503 3351 580 3418 illud
601 3350 659 3420 καί
672 3378 741 3420 που
764 3361 806 3432 (et
822 3353 995 3437 fortasse)?
1022 3352 1135 3421 Nonne
1155 3356 1340 3438 mirandum,

130 3464 343 3554 blnmippnm,
371 3487 444 3530 eum
472 3466 513 3528 ita
537 3462 654 3551 reliqua
684 3465 868 3544 narraverit,
897 3465 987 3551 quasi
1017 3467 1068 3552 qui
1097 3467 1200 3530 omnia
1229 3477 1341 3535 exacte

129 3576 237 3655 sciret,
265 3574 442 3639 dubitanter
470 3572 584 3637 dicere:
614 3583 672 3652 „et
699 3573 832 3637 fortasse
859 3595 932 3637 cum
962 3596 998 3638 ea
1028 3596 1218 3661 congressus
1244 3576 1340 3642 est“‘?

130 3684 233 3771 Atque
260 3686 361 3770 magis
384 3683 476 3748 etiam
506 3680 644 3745 mirabile
670 3681 699 3746 id
727 3681 761 3746 fir
788 3691 966 3770 propterea,
999 3683 1082 3771 quod
1110 3685 1140 3748 in
1167 3685 1226 3763 eis,
1260 3709 1341 3773 quae

130 3792 243 3856 relerre
264 3795 364 3882 pergit
393 3793 449 3871 (τὸ
472 3790 628 3859 ἐντεῦθεν
650 3783 713 3878 ἤδη
736 3793 817 3880 ῥᾷον
842 3799 934 3870 ....)
959 3793 1083 3857 minime
1106 3792 1145 3858 de
1167 3817 1203 3858 ea
1228 3817 1260 3858 re
1283 3796 1340 3860 du·

130 3900 228 3967 bitare
250 3901 378 3966 videtur.
415 3900 528 3989 Neque
551 3902 631 3965 baec
654 3901 856 3989 repugnantia
880 3886 1005 3979 tollitur,
1028 3902 1052 3964 si
1077 3901 1171 3968 verba
1194 3901 1252 3971 καί
1272 3930 1340 3972 που

129 4009 314 4098 συνηνέχθη
337 4009 493 4075 obscoene
509 4011 710 4098 accipiuntur,
735 4013 806 4097 quin
829 4011 932 4098 potius
956 4033 1003 4088 ea,
1026 4033 1107 4097 quae
1122 4021 1261 4077 extrema
1285 4013 1339 4079 ad·

129 4120 190 4186 dita
213 4128 287 4185 sunt
310 4118 422 4186 πολλὰ
442 4116 628 4197 ἱκετευθείς
648 4120 689 4183 ita
713 4121 805 4183 etiam
829 4121 978 4207 ineptiora
1003 4119 1152 4184 videntur.

214 4227 299 4294 Tum
315 4250 342 4292 c.
359 4225 440 4292 XlX
456 4230 540 4308 (229,
552 4231 607 4310 22)
632 4237 704 4315 post
725 4228 805 4293 levia
825 4227 877 4294 illa
901 4228 999 4308 mala,
1027 4229 1218 4298 decumanos
1242 4229 1339 4295 undas

130 4346 162 4403 et
183 4337 346 4418 turbinem,
369 4338 500 4426 grando,
521 4340 626 4424 gravis
648 4337 867 4427 navigantibus
890 4337 1063 4418 calamitas,
1091 4339 1227 4417 additum
1255 4338 1339 4404 sinri-

128 4445 259 4533 literque
282 4448 373 4530 (229,
387 4447 543 4530 30-31)
577 4467 632 4533 pro
654 4442 854 4536 πνιγόμενον
877 4448 932 4516 καί
954 4443 1051 4534 μόγις
1079 4444 1196 4514 ἑαυτὸν
1218 4441 1337 4534 ὑπερέ-
