2856 4906
673 233 714 300 21

79 409 210 498 tigisset,
238 429 310 475 eam
332 405 437 472 statim
459 402 591 472 libenter
613 398 747 486 adirent3
776 405 832 472 sed
855 406 927 495 quia
949 406 992 471 ita
1014 414 1229 473 commentum
1251 414 1300 475 ae·

80 519 194 610 guitur,
216 539 280 584 non
302 539 384 596 eam,
406 535 502 604 ιμιοιο
517 515 650 604 scriptor
664 511 764 580 voluit
780 513 1023 582 oblectationem
1038 517 1173 582 narratio
1195 514 1299 585 hahet

81 662 123 678 -
136 623 434 718 ·Neglegentissime
455 645 533 689 vero
554 623 639 690 idem
662 625 786 692 Aretaei
808 626 839 690 in
862 623 964 692 filiam·
980 648 1177 715 uxoremque
1192 625 1300 695 Euda·

79 738 185 805 midae
206 737 322 804 mortui
337 732 475 800 officium
490 754 559 822 cap.
571 731 680 800 XXlll
696 734 780 816 (231,
799 736 936 820 lo-20)
960 733 1152 803 a'l'oxaride
1170 735 1301 819 laudari,

78 848 159 915 infra
182 855 288 913 autem
309 866 336 910 c.
348 839 484 910 XXXV
499 843 586 925 (236,
602 845 654 926 11)
677 842 716 908 ab
739 842 853 911 eodem
874 844 990 911 irrideri
1012 845 1094 912 facit.

158 955 322 1041 *Quartum
346 953 520 1018 amicorum
541 975 600 1042 par
621 951 825 1020 Zenothemis
848 964 943 1044 atque
965 952 1160 1023 Menecrates
1182 957 1300 1048 produ-

83 1076 204 1134 cuntur.
252 1062 313 1129 llio
342 1085 424 1129 unus
455 1085 496 1128 ex
529 1061 731 1152 optimatibus
759 1062 1004 1130 Massiliensibus
1036 1064 1132 1133 filiam
1164 1065 1301 1135 babebat

81 1175 301 1266 turpissimam.
339 1171 425 1238 Cum
446 1179 552 1237 autem
574 1173 726 1239 sententia
749 1182 857 1240 contra
881 1172 969 1262 leges
992 1171 1056 1240 lata
1079 1178 1181 1266 capite
1202 1176 1301 1245 demi-

80 1295 177 1355 nutus
201 1283 397 1372 fortunisque
418 1282 559 1372 privatus
574 1281 712 1348 maxime
735 1281 774 1348 de
796 1282 920 1350 fortuna
936 1281 1017 1349 filiae
1039 1283 1190 1352 sollicitus
1205 1295 1300 1365 esset,

82 1417 179 1486 quam
204 1414 376 1486 pauperem
411 1400 442 1457 et
468 1390 644 1457 deformem
676 1392 834 1466 neminem
867 1415 997 1459 uxorem
1030 1393 1198 1463 ducturum
1215 1418 1301 1465 ¹esse

82 1503 220 1584 videbat,
243 1512 340 1592 atque
363 1501 402 1568 de
424 1501 484 1568 hac
506 1523 540 1567 re
563 1499 647 1592 apud
668 1500 888 1569 Zenothemim
911 1512 1043 1592 questus
1066 1515 1159 1587 esset,
1184 1508 1210 1573 is
1231 1508 1300 1598 ipso

84 1615 185 1681 arnico
208 1611 392 1680 dehortante
413 1609 500 1678 illam
513 1611 710 1677 matrimonio
726 1634 836 1679 secum
858 1615 1028 1702 coniungit,
1050 1637 1114 1681 non
1128 1614 1301 1683 deterritus

85 1724 252 1816 quominus
274 1722 305 1790 id
328 1722 431 1803 faeiat,
453 1743 557 1811 neque
578 1720 703 1812 puellae
725 1721 883 1803 foeditate,
909 1745 1011 1813 neque
1033 1725 1200 1814 ignominia
1222 1729 1301 1816 patri

83 1837 151 1903 eius
179 1834 328 1901 iniuncta.
376 1831 483 1921 Atque
509 1830 561 1898 bie
590 1832 692 1899 denuo
721 1833 861 1923 scriptori
894 1833 1006 1899 accidit
1029 1834 1113 1900 idem
1141 1857 1180 1902 ac
1206 1859 1301 1927 supra

83 1944 342 2013 commemoravi.
376 1941 461 2008 Cum
482 1941 564 2008 euim
579 1941 610 2008 id
633 1953 750 2032 ageret,
773 1952 808 2010 ut
821 1943 1055 2010 Zenothemidis
1070 1945 1191 2012 facinus
1206 1969 1302 2036 quarn

84 2053 392 2145 magnificentissime
405 2061 523 2142 posset,
538 2063 713 2136 exornaret,
734 2077 772 2121 ea
788 2078 870 2145 quae
886 2053 1059 2121 absterrere
1074 2077 1147 2122 eum
1162 2080 1181 2123 a
1195 2058 1302 2125 matri·

83 2165 192 2233 monio
206 2171 385 2254 potuerunt,
407 2162 499 2228 nimis
518 2163 617 2227 auxit:
639 2173 765 2253 patrem
781 2163 907 2254 puellae
922 2165 1053 2230 fortunis
1067 2167 1191 2254 privari,
1212 2169 1302 2257 igno-

85 2275 180 2344 minia
203 2275 303 2340 notari
324 2274 412 2358 lacit,
438 2269 564 2362 puellae
585 2272 682 2362 ipsius
705 2282 823 2341 tantam
845 2274 1073 2341 deformitatem
1095 2276 1245 2368 depingit,
1267 2287 1303 2345 ut

85 2386 206 2454 foedior
227 2384 282 2450 vix
303 2381 367 2452 ulla
394 2382 524 2472 cogitari
544 2384 660 2474 possit,
687 2392 755 2450 tum
778 2386 868 2474 quasi
890 2384 971 2451 haec
999 2386 1103 2452 omnia
1131 2409 1194 2454 non
1215 2386 1303 2454 ruffi·

59 2497 173 2564 xciarrt
201 2494 241 2561 ad
268 2516 401 2585 procum
430 2490 649 2561 deterrendum
678 2492 778 2561 alieno
806 2493 878 2561 loeo
902 2518 930 2562 e.
946 2495 1059 2565 XXIV
1081 2497 1173 2582 (232,
1187 2498 1302 2583 2-3)

88 2605 173 2673 addit
194 2606 312 2670 famam
334 2605 445 2685 fuisse,
473 2626 544 2670 eam
566 2603 661 2670 etiam
682 2603 793 2671 morbo
816 2605 964 2673 comitiali
984 2605 1127 2676 laborare
1158 2606 1301 2697 (ἐλέγετο

87 2714 128 2785 dd
150 2714 208 2783 καί
232 2711 459 2784 καταπίπτειν
484 2713 572 2804 πρὸς
597 2714 658 2803 τήν
686 2711 828 2804 σελήνην
850 2711 1103 2807 αὐξανομένην).
1146 2717 1203 2784 Ηίε
1228 2741 1303 2785 vero

87 2825 183 2893 rebus
211 2826 401 2893 eontrarium
432 2822 540 2906 efficit,
574 2833 669 2914 atque
697 2824 821 2891 efficere
849 2826 967 2910 studet3
994 2851 1069 2895 nam
1097 2850 1172 2894 cum
1197 2825 1304 2918 puella

88 2944 288 3003 monstruosa
327 2937 434 3028 specie
469 2935 629 3015 induatur,
667 2937 876 3003 narrationem
914 2939 1015 3027 ipsam
1053 2937 1200 3005 fabellam
1234 2959 1304 3003 esse

88 3055 229 3139 apparet.

176 3157 244 3225 Suo
267 3165 374 3224 autern
395 3177 483 3222 more
506 3154 638 3244 scriptor
653 3175 680 3220 c.
693 3153 808 3234 XXIV
823 3156 908 3239 (231,
924 3159 1066 3247 36-37)
1088 3160 1191 3247 inepte
1214 3155 1304 3223 dixit:

90 3265 237 3354 μάλιστα
270 3267 309 3335 dd
341 3262 446 3335 αὐτὸν
479 3261 558 3356 ἠνία
589 3263 741 3358 θυγάτηρ
773 3265 856 3358 αὕτη
888 3265 1095 3359 ἐπίγαμος
1131 3262 1205 3359 ἤδη
1233 3266 1306 3336 καὶ

91 3375 446 3455 ὀκτωκαιδεκέτις
473 3369 591 3458 οὖσα,
626 3398 702 3444 eum
732 3377 840 3445 dicere
867 3380 969 3469 aptius
997 3389 1119 3470 posset,
1145 3375 1305 3448 ὀκτωκαι·

91 3491 218 3572 δεκέτις
239 3481 304 3578 ἤδη
325 3486 383 3554 καί
404 3484 571 3576 ἐπίγαμος
594 3480 689 3557 οὖσα.

176 3600 299 3667 Deinde
327 3621 368 3664 ex
396 3606 486 3687 parte
513 3596 654 3665 similiter
681 3620 709 3665 c.
725 3597 944 3682 XXV1(232‚
959 3601 1116 3682 22-23)
1145 3600 1175 3666 iu
1202 3597 1306 3667 verbis

94 3708 208 3802 ἀφορᾷ
236 3709 275 3779 dd
302 3705 337 3789 ἐς
363 3707 423 3778 τὸν
451 3704 553 3798 φίλον
578 3709 636 3778 καί
661 3708 720 3779 τὸν
748 3708 967 3802 Μενεκράτην
993 3731 1192 3800 supervacuo
1221 3711 1306 3776 notio

95 3820 259 3908 singularis
287 3818 424 3911 generali
452 3820 569 3886 notioni
600 3819 744 3887 adiuncta
775 3822 898 3889 videtur
920 3844 1006 3903 οντες
1039 3843 1112 3886 narn
1140 3820 1308 3910 quominus

90 3953 133 3998 vea
155 3927 362 4020 explicemus:
395 3930 547 4021 „respicit
569 3931 707 3996 amicum
734 3939 764 3996 et
787 3931 882 3998 talem
907 3931 1046 4021 quidcrn,
1075 3929 1177 4020 qualis
1200 3930 1308 3997 bleno-

94 4049 197 4109 crates
220 4046 321 4120 erat“,
341 4041 403 4108 iam
425 4050 461 4108 ut
483 4040 544 4107 alia
566 4041 723 4121 omittam,
746 4063 784 4107 ea
808 4064 840 4109 re
862 4039 1072 4132 prohibemur,
1096 4040 1181 4133 quod
1201 4039 1306 4108 Mene·

94 4160 197 4218 crates
225 4147 367 4216 nondum
394 4161 485 4219 autea
514 4153 557 4218 ita
582 4160 848 4218 commemoratus
872 4160 933 4234 est,
966 4161 1002 4219 ut
1023 4154 1091 4220 eius
1119 4150 1183 4218 ulla
1209 4150 1309 4216 virtus

95 4260 229 4329 eluceat.

181 4369 301 4462 Capitis
323 4394 399 4439 vero
413 4369 528 4440 XXlV
542 4373 629 4456 (231,
643 4373 686 4440 36
697 4411 738 4423 -·
751 4373 824 4455 232,
840 4375 872 4456 2)
889 4383 1030 4440 extrema
1046 4372 1139 4439 baec:
1161 4363 1310 4455 μοίλιοεα

86 4480 139 4552 ,di
160 4475 262 4553 ahts
290 4477 373 4575 ἡνία
390 4476 552 4575 θυγάτηρ..
573 4479 656 4575 αὕτη
676 4481 844 4575 ἐπίγαμος
869 4477 934 4575 ἤδη
1057 4475 1098 4576 ἢν
1125 4477 1206 4555 otte
1225 4481 1311 4570 μετὰ
