<?xml version="1.0" encoding="UTF-8"?>
<!DOCTYPE html PUBLIC "-//W3C//DTD XHTML 1.0 Transitional//EN"
    "http://www.w3.org/TR/xhtml1/DTD/xhtml1-transitional.dtd">
<html xmlns="http://www.w3.org/1999/xhtml" xml:lang="en" lang="en">
 <head>
  <title>
</title>
<meta http-equiv="Content-Type" content="text/html;charset=utf-8" />
  <meta name='ocr-system' content='tesseract 3.04.00' />
  <meta name='ocr-capabilities' content='ocr_page ocr_carea ocr_par ocr_line ocrx_word'/>
</head>
<body>
  <div class='ocr_page' id='page_1' title='image "./desubditoquiint00guttgoog_0092.png"; bbox 0 0 2856 4906; ppageno 0'>
   <div class='ocr_carea' id='block_1_1' title="bbox 77 1170 1287 1406">
    <p class='ocr_par' dir='ltr' id='par_1_1' title="bbox 77 1170 1287 1406">
     <span class='ocr_line' id='line_1_1' title="bbox 77 1170 1287 1283; baseline -0.008 -19"><span class='ocrx_word' id='word_1_1' title='bbox 77 1181 126 1264; x_wconf 80' lang='lat' dir='ltr'><strong>tn</strong></span> <span class='ocrx_word' id='word_1_2' title='bbox 154 1181 225 1277; x_wconf 87' lang='lat' dir='ltr'><strong>eis,</strong></span> <span class='ocrx_word' id='word_1_3' title='bbox 252 1199 340 1283; x_wconf 81' lang='lat' dir='ltr'><strong>onae</strong></span> <span class='ocrx_word' id='word_1_4' title='bbox 367 1179 402 1262; x_wconf 93' lang='lat' dir='ltr'><strong>in</strong></span> <span class='ocrx_word' id='word_1_5' title='bbox 427 1177 589 1262; x_wconf 80' lang='lat' dir='ltr'><strong>tonando</strong></span> <span class='ocrx_word' id='word_1_6' title='bbox 615 1176 799 1268; x_wconf 83' lang='lat' dir='ltr'><strong>narrantur,</strong></span> <span class='ocrx_word' id='word_1_7' title='bbox 826 1172 868 1255; x_wconf 88' lang='lat' dir='ltr'><strong>do</strong></span> <span class='ocrx_word' id='word_1_8' title='bbox 895 1177 1021 1269; x_wconf 85' lang='lat' dir='ltr'><strong>aetate,</strong></span> <span class='ocrx_word' id='word_1_9' title='bbox 1047 1194 1113 1277; x_wconf 81' lang='lat' dir='ltr'><strong>oua</strong></span> <span class='ocrx_word' id='word_1_10' title='bbox 1139 1170 1287 1276; x_wconf 83' lang='lat' dir='ltr'><strong>sorions</strong></span> 
     </span>
     <span class='ocr_line' id='line_1_2' title="bbox 401 1301 960 1406; baseline -0.007 -18"><span class='ocrx_word' id='word_1_11' title='bbox 401 1305 462 1404; x_wconf 87' lang='lat' dir='ltr'><strong>sit,</strong></span> <span class='ocrx_word' id='word_1_12' title='bbox 488 1304 571 1389; x_wconf 83' lang='lat' dir='ltr'><strong>nilli-</strong></span> <span class='ocrx_word' id='word_1_13' title='bbox 593 1303 679 1387; x_wconf 73' lang='lat' dir='ltr'><strong>ronti</strong></span> <span class='ocrx_word' id='word_1_14' title='bbox 705 1301 817 1406; x_wconf 79' lang='lat' dir='ltr'>colligi</span> <span class='ocrx_word' id='word_1_15' title='bbox 842 1322 960 1405; x_wconf 87' lang='lat' dir='ltr'><strong>posse.</strong></span> 
     </span>
    </p>
   </div>
   <div class='ocr_carea' id='block_1_2' title="bbox 584 1518 786 1532">
    <p class='ocr_par' dir='ltr' id='par_1_2' title="bbox 584 1518 786 1532">
     <span class='ocr_line' id='line_1_3' title="bbox 584 1518 786 1532; baseline -0.01 0"><span class='ocrx_word' id='word_1_16' title='bbox 584 1518 786 1532; x_wconf 56' lang='lat' dir='ltr'><strong>m</strong></span> 
     </span>
    </p>
   </div>
   <div class='ocr_carea' id='block_1_3' title="bbox 487 1672 1303 2186">
    <p class='ocr_par' dir='ltr' id='par_1_3' title="bbox 651 1672 1286 1746">
     <span class='ocr_line' id='line_1_4' title="bbox 651 1672 1286 1746; baseline -0.011 -12"><span class='ocrx_word' id='word_1_17' title='bbox 651 1683 691 1734; x_wconf 88' lang='lat' dir='ltr'><strong>Im</strong></span> <span class='ocrx_word' id='word_1_18' title='bbox 702 1679 815 1733; x_wconf 81' lang='lat' dir='ltr'><strong>Toxaris</strong></span> <span class='ocrx_word' id='word_1_19' title='bbox 828 1679 950 1732; x_wconf 85' lang='lat' dir='ltr'><strong>kommen</strong></span> <span class='ocrx_word' id='word_1_20' title='bbox 962 1676 1094 1746; x_wconf 88' lang='lat' dir='ltr'><strong>Beispielo</strong></span> <span class='ocrx_word' id='word_1_21' title='bbox 1105 1692 1158 1730; x_wconf 79' lang='lat' dir='ltr'><strong>von</strong></span> <span class='ocrx_word' id='word_1_22' title='bbox 1170 1672 1286 1729; x_wconf 77' lang='lat' dir='ltr'><strong>Fround·</strong></span> 
     </span>
    </p>

    <p class='ocr_par' dir='ltr' id='par_1_4' title="bbox 599 1760 1286 1835">
     <span class='ocr_line' id='line_1_5' title="bbox 599 1760 1286 1835; baseline -0.013 -13"><span class='ocrx_word' id='word_1_23' title='bbox 599 1769 687 1823; x_wconf 82' lang='lat' dir='ltr'><strong>solrsft</strong></span> <span class='ocrx_word' id='word_1_24' title='bbox 703 1769 747 1823; x_wconf 87' lang='lat' dir='ltr'><strong>bei</strong></span> <span class='ocrx_word' id='word_1_25' title='bbox 766 1767 817 1820; x_wconf 90' lang='lat' dir='ltr'><strong>den</strong></span> <span class='ocrx_word' id='word_1_26' title='bbox 836 1767 954 1835; x_wconf 81' lang='lat' dir='ltr'><strong>Scythen</strong></span> <span class='ocrx_word' id='word_1_27' title='bbox 972 1783 1035 1831; x_wconf 81' lang='lat' dir='ltr'><strong>vor,</strong></span> <span class='ocrx_word' id='word_1_28' title='bbox 1061 1765 1104 1818; x_wconf 82' lang='lat' dir='ltr'><strong>die</strong></span> <span class='ocrx_word' id='word_1_29' title='bbox 1122 1779 1182 1816; x_wconf 78' lang='lat' dir='ltr'><strong>num</strong></span> <span class='ocrx_word' id='word_1_30' title='bbox 1200 1760 1286 1827; x_wconf 73' lang='lat' dir='ltr'><strong>rhen,</strong></span> 
     </span>
    </p>

    <p class='ocr_par' dir='ltr' id='par_1_5' title="bbox 487 1853 1288 1929">
     <span class='ocr_line' id='line_1_6' title="bbox 487 1853 1288 1929; baseline -0.012 -19"><span class='ocrx_word' id='word_1_31' title='bbox 487 1923 489 1929; x_wconf 16' lang='grc' dir='ltr'><strong>Α</strong></span> <span class='ocrx_word' id='word_1_32' title='bbox 599 1860 651 1910; x_wconf 82' lang='lat' dir='ltr'><strong>wie</strong></span> <span class='ocrx_word' id='word_1_33' title='bbox 674 1859 715 1910; x_wconf 88' lang='lat' dir='ltr'><strong>sio</strong></span> <span class='ocrx_word' id='word_1_34' title='bbox 737 1856 862 1919; x_wconf 83' lang='lat' dir='ltr'><strong>dostehn,</strong></span> <span class='ocrx_word' id='word_1_35' title='bbox 885 1858 914 1906; x_wconf 91' lang='lat' dir='ltr'><strong>in</strong></span> <span class='ocrx_word' id='word_1_36' title='bbox 936 1853 1014 1906; x_wconf 87' lang='lat' dir='ltr'><strong>keine</strong></span> <span class='ocrx_word' id='word_1_37' title='bbox 1032 1853 1091 1904; x_wconf 79' lang='lat' dir='ltr'><strong>zoio</strong></span> <span class='ocrx_word' id='word_1_38' title='bbox 1112 1865 1221 1919; x_wconf 76' lang='lat' dir='ltr'><strong>possen,</strong></span> <span class='ocrx_word' id='word_1_39' title='bbox 1245 1864 1288 1901; x_wconf 80' lang='lat' dir='ltr'><strong>rm</strong></span> 
     </span>
    </p>

    <p class='ocr_par' dir='ltr' id='par_1_6' title="bbox 599 1937 1288 2012">
     <span class='ocr_line' id='line_1_7' title="bbox 599 1937 1288 2012; baseline -0.013 -16"><span class='ocrx_word' id='word_1_40' title='bbox 599 1947 745 2012; x_wconf 79' lang='lat' dir='ltr'><strong>wenigsten</strong></span> <span class='ocrx_word' id='word_1_41' title='bbox 758 1944 821 1995; x_wconf 82' lang='lat' dir='ltr'><strong>aber</strong></span> <span class='ocrx_word' id='word_1_42' title='bbox 830 1944 859 1994; x_wconf 90' lang='lat' dir='ltr'><strong>in</strong></span> <span class='ocrx_word' id='word_1_43' title='bbox 872 1942 915 1994; x_wconf 87' lang='lat' dir='ltr'><strong>die</strong></span> <span class='ocrx_word' id='word_1_44' title='bbox 923 1940 1108 1994; x_wconf 85' lang='lat' dir='ltr'><strong>Luoianisohe.</strong></span> <span class='ocrx_word' id='word_1_45' title='bbox 1127 1937 1288 2002; x_wconf 84' lang='lat' dir='ltr'><strong>Dehlmann‚</strong></span> 
     </span>
    </p>

    <p class='ocr_par' dir='ltr' id='par_1_7' title="bbox 598 2023 1303 2186">
     <span class='ocr_line' id='line_1_8' title="bbox 598 2023 1303 2109; baseline -0.016 -24"><span class='ocrx_word' id='word_1_46' title='bbox 598 2031 788 2098; x_wconf 83' lang='lat' dir='ltr'><strong>Forsehungen</strong></span> <span class='ocrx_word' id='word_1_47' title='bbox 807 2031 855 2082; x_wconf 82' lang='lat' dir='ltr'><strong>ant</strong></span> <span class='ocrx_word' id='word_1_48' title='bbox 875 2030 934 2082; x_wconf 89' lang='lat' dir='ltr'><strong>dom</strong></span> <span class='ocrx_word' id='word_1_49' title='bbox 953 2029 1047 2084; x_wconf 80' lang='lat' dir='ltr'><strong>Gebiet</strong></span> <span class='ocrx_word' id='word_1_50' title='bbox 1064 2027 1110 2080; x_wconf 86' lang='lat' dir='ltr'><strong>dor</strong></span> <span class='ocrx_word' id='word_1_51' title='bbox 1128 2023 1303 2109; x_wconf 63' lang='lat' dir='ltr'><strong>(iosolriohtox</strong></span> 
     </span>
     <span class='ocr_line' id='line_1_9' title="bbox 599 2117 769 2186; baseline 0.012 -16"><span class='ocrx_word' id='word_1_52' title='bbox 599 2117 769 2186; x_wconf 81' lang='lat' dir='ltr'><strong>11,1‚p.29.</strong></span> 
     </span>
    </p>
   </div>
   <div class='ocr_carea' id='block_1_4' title="bbox 74 2243 1293 4464">
    <p class='ocr_par' dir='ltr' id='par_1_8' title="bbox 74 2243 1293 4464">
     <span class='ocr_line' id='line_1_10' title="bbox 163 2243 1288 2370; baseline -0.004 -24"><span class='ocrx_word' id='word_1_53' title='bbox 163 2243 281 2346; x_wconf 85' lang='lat' dir='ltr'><strong>Haec</strong></span> <span class='ocrx_word' id='word_1_54' title='bbox 304 2300 380 2370; x_wconf 88' lang='lat' dir='ltr'><strong>ergo</strong></span> <span class='ocrx_word' id='word_1_55' title='bbox 402 2289 485 2362; x_wconf 85' lang='lat' dir='ltr'><strong>sunt,</strong></span> <span class='ocrx_word' id='word_1_56' title='bbox 507 2300 589 2370; x_wconf 89' lang='lat' dir='ltr'><strong>quae</strong></span> <span class='ocrx_word' id='word_1_57' title='bbox 607 2281 746 2347; x_wconf 90' lang='lat' dir='ltr'><strong>oratione</strong></span> <span class='ocrx_word' id='word_1_58' title='bbox 762 2276 968 2346; x_wconf 88' lang='lat' dir='ltr'><strong>examinanda</strong></span> <span class='ocrx_word' id='word_1_59' title='bbox 983 2276 1171 2365; x_wconf 85' lang='lat' dir='ltr'><strong>investigare</strong></span> <span class='ocrx_word' id='word_1_60' title='bbox 1186 2277 1288 2366; x_wconf 81' lang='lat' dir='ltr'><strong>potui3</strong></span> 
     </span>
     <span class='ocr_line' id='line_1_11' title="bbox 79 2387 1289 2479; baseline -0.003 -22"><span class='ocrx_word' id='word_1_61' title='bbox 79 2411 120 2457; x_wconf 87' lang='lat' dir='ltr'><strong>ex</strong></span> <span class='ocrx_word' id='word_1_62' title='bbox 142 2388 237 2456; x_wconf 88' lang='lat' dir='ltr'><strong>rebus</strong></span> <span class='ocrx_word' id='word_1_63' title='bbox 266 2397 372 2456; x_wconf 87' lang='lat' dir='ltr'><strong>autem</strong></span> <span class='ocrx_word' id='word_1_64' title='bbox 401 2411 483 2479; x_wconf 85' lang='lat' dir='ltr'><strong>quae</strong></span> <span class='ocrx_word' id='word_1_65' title='bbox 510 2391 541 2456; x_wconf 92' lang='lat' dir='ltr'><strong>in</strong></span> <span class='ocrx_word' id='word_1_66' title='bbox 563 2388 721 2457; x_wconf 86' lang='lat' dir='ltr'><strong>Toxaride</strong></span> <span class='ocrx_word' id='word_1_67' title='bbox 748 2397 910 2457; x_wconf 90' lang='lat' dir='ltr'><strong>narrantur</strong></span> <span class='ocrx_word' id='word_1_68' title='bbox 939 2387 979 2454; x_wconf 91' lang='lat' dir='ltr'><strong>de</strong></span> <span class='ocrx_word' id='word_1_69' title='bbox 1006 2395 1108 2454; x_wconf 86' lang='lat' dir='ltr'><strong>aetate</strong></span> <span class='ocrx_word' id='word_1_70' title='bbox 1129 2387 1289 2478; x_wconf 86' lang='lat' dir='ltr'><strong>scriptoris</strong></span> 
     </span>
     <span class='ocr_line' id='line_1_12' title="bbox 77 2497 1288 2592; baseline -0.003 -24"><span class='ocrx_word' id='word_1_71' title='bbox 77 2521 118 2568; x_wconf 90' lang='lat' dir='ltr'><strong>ne</strong></span> <span class='ocrx_word' id='word_1_72' title='bbox 140 2500 309 2568; x_wconf 85' lang='lat' dir='ltr'><strong>coniectari</strong></span> <span class='ocrx_word' id='word_1_73' title='bbox 330 2499 472 2590; x_wconf 86' lang='lat' dir='ltr'><strong>quidem,</strong></span> <span class='ocrx_word' id='word_1_74' title='bbox 499 2509 536 2566; x_wconf 92' lang='lat' dir='ltr'><strong>ut</strong></span> <span class='ocrx_word' id='word_1_75' title='bbox 556 2521 651 2592; x_wconf 87' lang='lat' dir='ltr'><strong>supra</strong></span> <span class='ocrx_word' id='word_1_76' title='bbox 677 2500 755 2581; x_wconf 84' lang='lat' dir='ltr'><strong>dixi,</strong></span> <span class='ocrx_word' id='word_1_77' title='bbox 784 2497 950 2567; x_wconf 85' lang='lat' dir='ltr'><strong>verisimile</strong></span> <span class='ocrx_word' id='word_1_78' title='bbox 977 2497 1147 2587; x_wconf 86' lang='lat' dir='ltr'><strong>quicquam</strong></span> <span class='ocrx_word' id='word_1_79' title='bbox 1175 2506 1288 2588; x_wconf 83' lang='lat' dir='ltr'><strong>potest</strong></span> 
     </span>
     <span class='ocr_line' id='line_1_13' title="bbox 77 2608 1290 2700; baseline 0 -24"><span class='ocrx_word' id='word_1_80' title='bbox 77 2608 163 2676; x_wconf 86' lang='lat' dir='ltr'><strong>Nam</strong></span> <span class='ocrx_word' id='word_1_81' title='bbox 185 2611 279 2678; x_wconf 87' lang='lat' dir='ltr'><strong>etiam</strong></span> <span class='ocrx_word' id='word_1_82' title='bbox 295 2610 320 2676; x_wconf 88' lang='lat' dir='ltr'><strong>si</strong></span> <span class='ocrx_word' id='word_1_83' title='bbox 334 2631 412 2677; x_wconf 86' lang='lat' dir='ltr'><strong>vera</strong></span> <span class='ocrx_word' id='word_1_84' title='bbox 434 2617 541 2678; x_wconf 89' lang='lat' dir='ltr'><strong>essent</strong></span> <span class='ocrx_word' id='word_1_85' title='bbox 554 2610 583 2676; x_wconf 90' lang='lat' dir='ltr'><strong>in</strong></span> <span class='ocrx_word' id='word_1_86' title='bbox 601 2618 801 2700; x_wconf 87' lang='lat' dir='ltr'><strong>aetatemque</strong></span> <span class='ocrx_word' id='word_1_87' title='bbox 815 2608 946 2677; x_wconf 81' lang='lat' dir='ltr'><strong>Luciani</strong></span> <span class='ocrx_word' id='word_1_88' title='bbox 968 2608 1115 2675; x_wconf 79' lang='lat' dir='ltr'><strong>caderent</strong></span> <span class='ocrx_word' id='word_1_89' title='bbox 1137 2630 1185 2690; x_wconf 87' lang='lat' dir='ltr'><strong>ea,</strong></span> <span class='ocrx_word' id='word_1_90' title='bbox 1207 2631 1290 2698; x_wconf 86' lang='lat' dir='ltr'><strong>quae</strong></span> 
     </span>
     <span class='ocr_line' id='line_1_14' title="bbox 77 2716 1290 2812; baseline -0.001 -25"><span class='ocrx_word' id='word_1_91' title='bbox 77 2742 113 2787; x_wconf 90' lang='lat' dir='ltr'><strong>se</strong></span> <span class='ocrx_word' id='word_1_92' title='bbox 135 2742 176 2788; x_wconf 85' lang='lat' dir='ltr'><strong>ex</strong></span> <span class='ocrx_word' id='word_1_93' title='bbox 197 2741 257 2786; x_wconf 86' lang='lat' dir='ltr'><strong>ouo</strong></span> <span class='ocrx_word' id='word_1_94' title='bbox 279 2729 423 2811; x_wconf 86' lang='lat' dir='ltr'><strong>ternpore</strong></span> <span class='ocrx_word' id='word_1_95' title='bbox 443 2721 583 2812; x_wconf 86' lang='lat' dir='ltr'><strong>prolerre</strong></span> <span class='ocrx_word' id='word_1_96' title='bbox 605 2721 736 2810; x_wconf 76' lang='lat' dir='ltr'><strong>scriptor</strong></span> <span class='ocrx_word' id='word_1_97' title='bbox 757 2719 903 2801; x_wconf 88' lang='lat' dir='ltr'><strong>affirmat,</strong></span> <span class='ocrx_word' id='word_1_98' title='bbox 931 2727 1036 2786; x_wconf 86' lang='lat' dir='ltr'><strong>tamen</strong></span> <span class='ocrx_word' id='word_1_99' title='bbox 1064 2739 1138 2785; x_wconf 88' lang='lat' dir='ltr'><strong>eum</strong></span> <span class='ocrx_word' id='word_1_100' title='bbox 1159 2716 1290 2786; x_wconf 88' lang='lat' dir='ltr'><strong>Luciani</strong></span> 
     </span>
     <span class='ocr_line' id='line_1_15' title="bbox 77 2827 1290 2920; baseline 0 -24"><span class='ocrx_word' id='word_1_101' title='bbox 77 2831 249 2898; x_wconf 87' lang='lat' dir='ltr'><strong>orationem</strong></span> <span class='ocrx_word' id='word_1_102' title='bbox 272 2830 424 2899; x_wconf 78' lang='lat' dir='ltr'><strong>serviliter</strong></span> <span class='ocrx_word' id='word_1_103' title='bbox 444 2831 484 2898; x_wconf 85' lang='lat' dir='ltr'><strong>sit</strong></span> <span class='ocrx_word' id='word_1_104' title='bbox 510 2830 663 2912; x_wconf 89' lang='lat' dir='ltr'><strong>imitatus,</strong></span> <span class='ocrx_word' id='word_1_105' title='bbox 692 2839 787 2918; x_wconf 90' lang='lat' dir='ltr'><strong>atque</strong></span> <span class='ocrx_word' id='word_1_106' title='bbox 817 2830 934 2920; x_wconf 87' lang='lat' dir='ltr'><strong>opinari</strong></span> <span class='ocrx_word' id='word_1_107' title='bbox 963 2827 1071 2911; x_wconf 86' lang='lat' dir='ltr'><strong>liceat,</strong></span> <span class='ocrx_word' id='word_1_108' title='bbox 1105 2852 1179 2896; x_wconf 91' lang='lat' dir='ltr'><strong>eum</strong></span> <span class='ocrx_word' id='word_1_109' title='bbox 1205 2828 1290 2896; x_wconf 87' lang='lat' dir='ltr'><strong>illius</strong></span> 
     </span>
     <span class='ocr_line' id='line_1_16' title="bbox 76 2937 1289 3033; baseline -0.002 -26"><span class='ocrx_word' id='word_1_110' title='bbox 76 2939 237 3030; x_wconf 81' lang='lat' dir='ltr'><strong>dialogum</strong></span> <span class='ocrx_word' id='word_1_111' title='bbox 258 2942 361 3033; x_wconf 89' lang='lat' dir='ltr'><strong>putari</strong></span> <span class='ocrx_word' id='word_1_112' title='bbox 381 2939 532 3023; x_wconf 86' lang='lat' dir='ltr'><strong>voluisse,</strong></span> <span class='ocrx_word' id='word_1_113' title='bbox 555 2940 639 3007; x_wconf 88' lang='lat' dir='ltr'><strong>credi</strong></span> <span class='ocrx_word' id='word_1_114' title='bbox 654 2948 763 3030; x_wconf 87' lang='lat' dir='ltr'><strong>posset</strong></span> <span class='ocrx_word' id='word_1_115' title='bbox 782 2962 856 3007; x_wconf 90' lang='lat' dir='ltr'><strong>eum</strong></span> <span class='ocrx_word' id='word_1_116' title='bbox 871 2940 974 3006; x_wconf 85' lang='lat' dir='ltr'><strong>omnia</strong></span> <span class='ocrx_word' id='word_1_117' title='bbox 990 2937 1136 3006; x_wconf 83' lang='lat' dir='ltr'><strong>consulto</strong></span> <span class='ocrx_word' id='word_1_118' title='bbox 1152 2962 1193 3005; x_wconf 88' lang='lat' dir='ltr'><strong>ex</strong></span> <span class='ocrx_word' id='word_1_119' title='bbox 1206 2937 1289 3005; x_wconf 87' lang='lat' dir='ltr'><strong>illius</strong></span> 
     </span>
     <span class='ocr_line' id='line_1_17' title="bbox 76 3047 1290 3142; baseline -0.001 -25"><span class='ocrx_word' id='word_1_120' title='bbox 76 3051 270 3142; x_wconf 86' lang='lat' dir='ltr'><strong>temporibus</strong></span> <span class='ocrx_word' id='word_1_121' title='bbox 293 3052 482 3141; x_wconf 82' lang='lat' dir='ltr'><strong>sumpsisse3</strong></span> <span class='ocrx_word' id='word_1_122' title='bbox 510 3072 786 3139; x_wconf 89' lang='lat' dir='ltr'><strong>quamquamnon</strong></span> <span class='ocrx_word' id='word_1_123' title='bbox 809 3047 977 3116; x_wconf 85' lang='lat' dir='ltr'><strong>verisimile</strong></span> <span class='ocrx_word' id='word_1_124' title='bbox 1003 3058 1157 3131; x_wconf 85' lang='lat' dir='ltr'><strong>osteum,</strong></span> <span class='ocrx_word' id='word_1_125' title='bbox 1179 3049 1290 3138; x_wconf 88' lang='lat' dir='ltr'><strong>quiut</strong></span> 
     </span>
     <span class='ocr_line' id='line_1_18' title="bbox 77 3156 1289 3251; baseline 0 -27"><span class='ocrx_word' id='word_1_126' title='bbox 77 3158 154 3227; x_wconf 89' lang='lat' dir='ltr'><strong>liber</strong></span> <span class='ocrx_word' id='word_1_127' title='bbox 176 3183 255 3226; x_wconf 88' lang='lat' dir='ltr'><strong>suus</strong></span> <span class='ocrx_word' id='word_1_128' title='bbox 277 3161 394 3251; x_wconf 82' lang='lat' dir='ltr'><strong>pristini</strong></span> <span class='ocrx_word' id='word_1_129' title='bbox 415 3160 579 3227; x_wconf 85' lang='lat' dir='ltr'><strong>cuiusdam</strong></span> <span class='ocrx_word' id='word_1_130' title='bbox 597 3162 757 3251; x_wconf 87' lang='lat' dir='ltr'><strong>scriptoris</strong></span> <span class='ocrx_word' id='word_1_131' title='bbox 779 3182 850 3227; x_wconf 88' lang='lat' dir='ltr'><strong>esse</strong></span> <span class='ocrx_word' id='word_1_132' title='bbox 870 3158 1022 3241; x_wconf 88' lang='lat' dir='ltr'><strong>videatur,</strong></span> <span class='ocrx_word' id='word_1_133' title='bbox 1043 3159 1147 3226; x_wconf 90' lang='lat' dir='ltr'><strong>omnia</strong></span> <span class='ocrx_word' id='word_1_134' title='bbox 1168 3159 1211 3225; x_wconf 87' lang='lat' dir='ltr'><strong>ita</strong></span> <span class='ocrx_word' id='word_1_135' title='bbox 1232 3156 1289 3225; x_wconf 82' lang='lat' dir='ltr'><strong>fin-</strong></span> 
     </span>
     <span class='ocr_line' id='line_1_19' title="bbox 77 3259 1289 3361; baseline -0.001 -24"><span class='ocrx_word' id='word_1_136' title='bbox 77 3291 153 3361; x_wconf 82' lang='lat' dir='ltr'><strong>gere</strong></span> <span class='ocrx_word' id='word_1_137' title='bbox 174 3269 295 3352; x_wconf 89' lang='lat' dir='ltr'><strong>studet,</strong></span> <span class='ocrx_word' id='word_1_138' title='bbox 316 3279 352 3336; x_wconf 93' lang='lat' dir='ltr'><strong>ut</strong></span> <span class='ocrx_word' id='word_1_139' title='bbox 372 3271 403 3336; x_wconf 93' lang='lat' dir='ltr'><strong>in</strong></span> <span class='ocrx_word' id='word_1_140' title='bbox 422 3268 506 3337; x_wconf 87' lang='lat' dir='ltr'><strong>illius</strong></span> <span class='ocrx_word' id='word_1_141' title='bbox 528 3279 672 3361; x_wconf 87' lang='lat' dir='ltr'><strong>tempora</strong></span> <span class='ocrx_word' id='word_1_142' title='bbox 694 3259 896 3350; x_wconf 81' lang='lat' dir='ltr'><strong>conveniant,</strong></span> <span class='ocrx_word' id='word_1_143' title='bbox 928 3267 1015 3336; x_wconf 93' lang='lat' dir='ltr'><strong>nullo</strong></span> <span class='ocrx_word' id='word_1_144' title='bbox 1044 3278 1149 3336; x_wconf 87' lang='lat' dir='ltr'><strong>tamen</strong></span> <span class='ocrx_word' id='word_1_145' title='bbox 1176 3267 1289 3337; x_wconf 85' lang='lat' dir='ltr'><strong>indicio</strong></span> 
     </span>
     <span class='ocr_line' id='line_1_20' title="bbox 77 3377 1290 3471; baseline -0.001 -24"><span class='ocrx_word' id='word_1_146' title='bbox 77 3402 164 3463; x_wconf 86' lang='lat' dir='ltr'><strong>eam,</strong></span> <span class='ocrx_word' id='word_1_147' title='bbox 192 3402 255 3471; x_wconf 88' lang='lat' dir='ltr'><strong>qua</strong></span> <span class='ocrx_word' id='word_1_148' title='bbox 276 3382 345 3471; x_wconf 89' lang='lat' dir='ltr'><strong>ipse</strong></span> <span class='ocrx_word' id='word_1_149' title='bbox 371 3388 436 3463; x_wconf 87' lang='lat' dir='ltr'><strong>est,</strong></span> <span class='ocrx_word' id='word_1_150' title='bbox 466 3388 603 3448; x_wconf 90' lang='lat' dir='ltr'><strong>aetatem</strong></span> <span class='ocrx_word' id='word_1_151' title='bbox 630 3381 770 3471; x_wconf 89' lang='lat' dir='ltr'><strong>prodere.</strong></span> <span class='ocrx_word' id='word_1_152' title='bbox 825 3379 867 3446; x_wconf 83' lang='lat' dir='ltr'><strong>Ar</strong></span> <span class='ocrx_word' id='word_1_153' title='bbox 888 3401 941 3461; x_wconf 90' lang='lat' dir='ltr'><strong>ea,</strong></span> <span class='ocrx_word' id='word_1_154' title='bbox 971 3401 1053 3467; x_wconf 89' lang='lat' dir='ltr'><strong>quae</strong></span> <span class='ocrx_word' id='word_1_155' title='bbox 1078 3379 1109 3444; x_wconf 93' lang='lat' dir='ltr'><strong>in</strong></span> <span class='ocrx_word' id='word_1_156' title='bbox 1132 3377 1290 3446; x_wconf 84' lang='lat' dir='ltr'><strong>Toxaride</strong></span> 
     </span>
     <span class='ocr_line' id='line_1_21' title="bbox 75 3487 1290 3582; baseline -0.001 -23"><span class='ocrx_word' id='word_1_157' title='bbox 75 3501 240 3560; x_wconf 85' lang='lat' dir='ltr'><strong>narrantur</strong></span> <span class='ocrx_word' id='word_1_158' title='bbox 266 3511 329 3558; x_wconf 93' lang='lat' dir='ltr'><strong>non</strong></span> <span class='ocrx_word' id='word_1_159' title='bbox 356 3512 447 3572; x_wconf 88' lang='lat' dir='ltr'><strong>vera,</strong></span> <span class='ocrx_word' id='word_1_160' title='bbox 475 3490 531 3558; x_wconf 91' lang='lat' dir='ltr'><strong>sed</strong></span> <span class='ocrx_word' id='word_1_161' title='bbox 559 3492 707 3559; x_wconf 86' lang='lat' dir='ltr'><strong>ementita</strong></span> <span class='ocrx_word' id='word_1_162' title='bbox 734 3501 767 3558; x_wconf 90' lang='lat' dir='ltr'><strong>et</strong></span> <span class='ocrx_word' id='word_1_163' title='bbox 787 3487 868 3557; x_wconf 89' lang='lat' dir='ltr'><strong>lalsa</strong></span> <span class='ocrx_word' id='word_1_164' title='bbox 889 3488 1024 3582; x_wconf 83' lang='lat' dir='ltr'><strong>plenave</strong></span> <span class='ocrx_word' id='word_1_165' title='bbox 1045 3489 1157 3557; x_wconf 89' lang='lat' dir='ltr'><strong>erroris</strong></span> <span class='ocrx_word' id='word_1_166' title='bbox 1186 3491 1290 3558; x_wconf 90' lang='lat' dir='ltr'><strong>omnia</strong></span> 
     </span>
     <span class='ocr_line' id='line_1_22' title="bbox 76 3600 1289 3692; baseline -0.001 -23"><span class='ocrx_word' id='word_1_167' title='bbox 76 3612 157 3670; x_wconf 89' lang='lat' dir='ltr'><strong>sunt.</strong></span> <span class='ocrx_word' id='word_1_168' title='bbox 201 3600 350 3692; x_wconf 89' lang='lat' dir='ltr'><strong>Cumque</strong></span> <span class='ocrx_word' id='word_1_169' title='bbox 372 3601 493 3668; x_wconf 89' lang='lat' dir='ltr'><strong>etiamsi</strong></span> <span class='ocrx_word' id='word_1_170' title='bbox 522 3625 564 3670; x_wconf 87' lang='lat' dir='ltr'><strong>ex</strong></span> <span class='ocrx_word' id='word_1_171' title='bbox 585 3601 672 3670; x_wconf 81' lang='lat' dir='ltr'><strong>falsis</strong></span> <span class='ocrx_word' id='word_1_172' title='bbox 695 3611 791 3692; x_wconf 88' lang='lat' dir='ltr'><strong>atque</strong></span> <span class='ocrx_word' id='word_1_173' title='bbox 819 3600 973 3668; x_wconf 76' lang='lat' dir='ltr'><strong>ementitis</strong></span> <span class='ocrx_word' id='word_1_174' title='bbox 997 3601 1166 3690; x_wconf 86' lang='lat' dir='ltr'><strong>quiequam</strong></span> <span class='ocrx_word' id='word_1_175' title='bbox 1189 3601 1289 3668; x_wconf 80' lang='lat' dir='ltr'><strong>conici</strong></span> 
     </span>
     <span class='ocr_line' id='line_1_23' title="bbox 74 3709 1290 3804; baseline -0.001 -24"><span class='ocrx_word' id='word_1_176' title='bbox 74 3734 204 3804; x_wconf 83' lang='lat' dir='ltr'><strong>prorsus</strong></span> <span class='ocrx_word' id='word_1_177' title='bbox 219 3713 336 3802; x_wconf 86' lang='lat' dir='ltr'><strong>nequit,</strong></span> <span class='ocrx_word' id='word_1_178' title='bbox 358 3733 401 3778; x_wconf 88' lang='lat' dir='ltr'><strong>ex</strong></span> <span class='ocrx_word' id='word_1_179' title='bbox 415 3713 459 3777; x_wconf 89' lang='lat' dir='ltr'><strong>eis</strong></span> <span class='ocrx_word' id='word_1_180' title='bbox 474 3720 579 3780; x_wconf 91' lang='lat' dir='ltr'><strong>tamen</strong></span> <span class='ocrx_word' id='word_1_181' title='bbox 602 3736 686 3803; x_wconf 89' lang='lat' dir='ltr'><strong>quae</strong></span> <span class='ocrx_word' id='word_1_182' title='bbox 704 3712 814 3779; x_wconf 90' lang='lat' dir='ltr'><strong>erroris</strong></span> <span class='ocrx_word' id='word_1_183' title='bbox 837 3709 930 3802; x_wconf 90' lang='lat' dir='ltr'><strong>plena</strong></span> <span class='ocrx_word' id='word_1_184' title='bbox 952 3719 1025 3777; x_wconf 88' lang='lat' dir='ltr'><strong>sunt</strong></span> <span class='ocrx_word' id='word_1_185' title='bbox 1047 3709 1151 3801; x_wconf 86' lang='lat' dir='ltr'><strong>colligi</strong></span> <span class='ocrx_word' id='word_1_186' title='bbox 1173 3709 1290 3802; x_wconf 87' lang='lat' dir='ltr'><strong>aliquid</strong></span> 
     </span>
     <span class='ocr_line' id='line_1_24' title="bbox 74 3818 1289 3914; baseline -0.002 -24"><span class='ocrx_word' id='word_1_187' title='bbox 74 3843 171 3914; x_wconf 88' lang='lat' dir='ltr'><strong>posse</strong></span> <span class='ocrx_word' id='word_1_188' title='bbox 192 3823 334 3889; x_wconf 85' lang='lat' dir='ltr'><strong>videatur</strong></span> <span class='ocrx_word' id='word_1_189' title='bbox 356 3821 444 3906; x_wconf 84' lang='lat' dir='ltr'><strong>(licet</strong></span> <span class='ocrx_word' id='word_1_190' title='bbox 465 3822 548 3889; x_wconf 90' lang='lat' dir='ltr'><strong>enim</strong></span> <span class='ocrx_word' id='word_1_191' title='bbox 577 3824 768 3906; x_wconf 86' lang='lat' dir='ltr'><strong>existimare,</strong></span> <span class='ocrx_word' id='word_1_192' title='bbox 797 3845 871 3890; x_wconf 89' lang='lat' dir='ltr'><strong>eum</strong></span> <span class='ocrx_word' id='word_1_193' title='bbox 898 3822 951 3910; x_wconf 90' lang='lat' dir='ltr'><strong>qui</strong></span> <span class='ocrx_word' id='word_1_194' title='bbox 972 3821 1004 3887; x_wconf 94' lang='lat' dir='ltr'><strong>in</strong></span> <span class='ocrx_word' id='word_1_195' title='bbox 1026 3821 1070 3886; x_wconf 91' lang='lat' dir='ltr'><strong>eis</strong></span> <span class='ocrx_word' id='word_1_196' title='bbox 1094 3818 1187 3887; x_wconf 89' lang='lat' dir='ltr'><strong>rebus</strong></span> <span class='ocrx_word' id='word_1_197' title='bbox 1209 3820 1289 3889; x_wconf 82' lang='lat' dir='ltr'><strong>rele-</strong></span> 
     </span>
     <span class='ocr_line' id='line_1_25' title="bbox 75 3930 1289 4025; baseline -0.002 -25"><span class='ocrx_word' id='word_1_198' title='bbox 75 3930 180 4000; x_wconf 90' lang='lat' dir='ltr'><strong>rendis</strong></span> <span class='ocrx_word' id='word_1_199' title='bbox 201 3939 297 4014; x_wconf 82' lang='lat' dir='ltr'><strong>erret,</strong></span> <span class='ocrx_word' id='word_1_200' title='bbox 320 3952 401 4020; x_wconf 87' lang='lat' dir='ltr'><strong>quae</strong></span> <span class='ocrx_word' id='word_1_201' title='bbox 422 3932 568 4000; x_wconf 88' lang='lat' dir='ltr'><strong>omnibus</strong></span> <span class='ocrx_word' id='word_1_202' title='bbox 591 3935 643 4024; x_wconf 90' lang='lat' dir='ltr'><strong>qui</strong></span> <span class='ocrx_word' id='word_1_203' title='bbox 665 3930 814 4025; x_wconf 84' lang='lat' dir='ltr'><strong>aequales</strong></span> <span class='ocrx_word' id='word_1_204' title='bbox 837 3933 903 3999; x_wconf 88' lang='lat' dir='ltr'><strong>eius</strong></span> <span class='ocrx_word' id='word_1_205' title='bbox 925 3930 1036 3997; x_wconf 87' lang='lat' dir='ltr'><strong>aetatis</strong></span> <span class='ocrx_word' id='word_1_206' title='bbox 1058 3930 1133 4012; x_wconf 87' lang='lat' dir='ltr'><strong>sint,</strong></span> <span class='ocrx_word' id='word_1_207' title='bbox 1155 3952 1289 4020; x_wconf 87' lang='lat' dir='ltr'><strong>quares</strong></span> 
     </span>
     <span class='ocr_line' id='line_1_26' title="bbox 77 4038 1290 4131; baseline -0.004 -20"><span class='ocrx_word' id='word_1_208' title='bbox 77 4041 223 4111; x_wconf 87' lang='lat' dir='ltr'><strong>evenisse</strong></span> <span class='ocrx_word' id='word_1_209' title='bbox 244 4038 401 4122; x_wconf 84' lang='lat' dir='ltr'><strong>dieantur,</strong></span> <span class='ocrx_word' id='word_1_210' title='bbox 427 4051 522 4109; x_wconf 85' lang='lat' dir='ltr'><strong>notae</strong></span> <span class='ocrx_word' id='word_1_211' title='bbox 544 4066 616 4111; x_wconf 86' lang='lat' dir='ltr'><strong>esse</strong></span> <span class='ocrx_word' id='word_1_212' title='bbox 644 4044 796 4123; x_wconf 89' lang='lat' dir='ltr'><strong>debeant,</strong></span> <span class='ocrx_word' id='word_1_213' title='bbox 820 4040 993 4131; x_wconf 86' lang='lat' dir='ltr'><strong>posteriore</strong></span> <span class='ocrx_word' id='word_1_214' title='bbox 1015 4047 1157 4131; x_wconf 88' lang='lat' dir='ltr'><strong>tempore</strong></span> <span class='ocrx_word' id='word_1_215' title='bbox 1177 4041 1290 4123; x_wconf 85' lang='lat' dir='ltr'><strong>fuisse3</strong></span> 
     </span>
     <span class='ocr_line' id='line_1_27' title="bbox 78 4147 1290 4244; baseline -0.002 -26"><span class='ocrx_word' id='word_1_216' title='bbox 78 4147 224 4219; x_wconf 87' lang='lat' dir='ltr'><strong>consulto</strong></span> <span class='ocrx_word' id='word_1_217' title='bbox 245 4158 353 4217; x_wconf 87' lang='lat' dir='ltr'><strong>autern</strong></span> <span class='ocrx_word' id='word_1_218' title='bbox 382 4149 554 4239; x_wconf 90' lang='lat' dir='ltr'><strong>depravare</strong></span> <span class='ocrx_word' id='word_1_219' title='bbox 582 4163 677 4244; x_wconf 89' lang='lat' dir='ltr'><strong>atque</strong></span> <span class='ocrx_word' id='word_1_220' title='bbox 705 4151 845 4219; x_wconf 87' lang='lat' dir='ltr'><strong>ementiri</strong></span> <span class='ocrx_word' id='word_1_221' title='bbox 872 4171 923 4218; x_wconf 88' lang='lat' dir='ltr'><strong>res</strong></span> <span class='ocrx_word' id='word_1_222' title='bbox 951 4149 1045 4218; x_wconf 88' lang='lat' dir='ltr'><strong>etiam</strong></span> <span class='ocrx_word' id='word_1_223' title='bbox 1072 4151 1120 4217; x_wconf 91' lang='lat' dir='ltr'><strong>sui</strong></span> <span class='ocrx_word' id='word_1_224' title='bbox 1141 4149 1290 4240; x_wconf 86' lang='lat' dir='ltr'><strong>temporis</strong></span> 
     </span>
     <span class='ocr_line' id='line_1_28' title="bbox 78 4258 1292 4354; baseline -0.005 -22"><span class='ocrx_word' id='word_1_225' title='bbox 78 4258 191 4351; x_wconf 84' lang='lat' dir='ltr'><strong>aliquis</strong></span> <span class='ocrx_word' id='word_1_226' title='bbox 205 4270 326 4352; x_wconf 90' lang='lat' dir='ltr'><strong>potest;</strong></span> <span class='ocrx_word' id='word_1_227' title='bbox 340 4282 378 4328; x_wconf 88' lang='lat' dir='ltr'><strong>ea</strong></span> <span class='ocrx_word' id='word_1_228' title='bbox 389 4282 465 4328; x_wconf 89' lang='lat' dir='ltr'><strong>vero</strong></span> <span class='ocrx_word' id='word_1_229' title='bbox 481 4283 564 4351; x_wconf 89' lang='lat' dir='ltr'><strong>quae</strong></span> <span class='ocrx_word' id='word_1_230' title='bbox 579 4262 724 4331; x_wconf 87' lang='lat' dir='ltr'><strong>omnibus</strong></span> <span class='ocrx_word' id='word_1_231' title='bbox 739 4261 880 4354; x_wconf 87' lang='lat' dir='ltr'><strong>partibus</strong></span> <span class='ocrx_word' id='word_1_232' title='bbox 895 4271 968 4329; x_wconf 88' lang='lat' dir='ltr'><strong>sunt</strong></span> <span class='ocrx_word' id='word_1_233' title='bbox 982 4259 1055 4328; x_wconf 88' lang='lat' dir='ltr'><strong>licta</strong></span> <span class='ocrx_word' id='word_1_234' title='bbox 1070 4269 1101 4327; x_wconf 91' lang='lat' dir='ltr'><strong>et</strong></span> <span class='ocrx_word' id='word_1_235' title='bbox 1116 4258 1292 4351; x_wconf 84' lang='lat' dir='ltr'><strong>composita</strong></span> 
     </span>
     <span class='ocr_line' id='line_1_29' title="bbox 79 4367 1293 4464; baseline 0 -27"><span class='ocrx_word' id='word_1_236' title='bbox 79 4379 135 4437; x_wconf 87' lang='lat' dir='ltr'><strong>aut</strong></span> <span class='ocrx_word' id='word_1_237' title='bbox 167 4368 252 4436; x_wconf 89' lang='lat' dir='ltr'><strong>nullo</strong></span> <span class='ocrx_word' id='word_1_238' title='bbox 286 4380 342 4437; x_wconf 91' lang='lat' dir='ltr'><strong>aut</strong></span> <span class='ocrx_word' id='word_1_239' title='bbox 376 4372 461 4438; x_wconf 90' lang='lat' dir='ltr'><strong>omni</strong></span> <span class='ocrx_word' id='word_1_240' title='bbox 495 4381 637 4464; x_wconf 89' lang='lat' dir='ltr'><strong>ternpore</strong></span> <span class='ocrx_word' id='word_1_241' title='bbox 664 4374 829 4440; x_wconf 86' lang='lat' dir='ltr'><strong>videantur</strong></span> <span class='ocrx_word' id='word_1_242' title='bbox 863 4371 1014 4440; x_wconf 86' lang='lat' dir='ltr'><strong>accidisse</strong></span> <span class='ocrx_word' id='word_1_243' title='bbox 1040 4374 1148 4461; x_wconf 83' lang='lat' dir='ltr'><strong>posse)</strong></span> <span class='ocrx_word' id='word_1_244' title='bbox 1182 4367 1293 4437; x_wconf 84' lang='lat' dir='ltr'><strong>diiudi-</strong></span> 
     </span>
    </p>
   </div>
   <div class='ocr_carea' id='block_1_5' title="bbox 42 4477 1293 4654">
    <p class='ocr_par' dir='ltr' id='par_1_9' title="bbox 42 4477 1293 4654">
     <span class='ocr_line' id='line_1_30' title="bbox 77 4477 1293 4574; baseline -0.004 -24"><span class='ocrx_word' id='word_1_245' title='bbox 77 4480 142 4550; x_wconf 82' lang='lat' dir='ltr'><strong>cari</strong></span> <span class='ocrx_word' id='word_1_246' title='bbox 163 4477 257 4570; x_wconf 86' lang='lat' dir='ltr'><strong>plane</strong></span> <span class='ocrx_word' id='word_1_247' title='bbox 277 4478 399 4572; x_wconf 87' lang='lat' dir='ltr'><strong>nequit,</strong></span> <span class='ocrx_word' id='word_1_248' title='bbox 419 4480 452 4551; x_wconf 90' lang='lat' dir='ltr'><strong>in</strong></span> <span class='ocrx_word' id='word_1_249' title='bbox 475 4481 589 4574; x_wconf 86' lang='lat' dir='ltr'><strong>quibus</strong></span> <span class='ocrx_word' id='word_1_250' title='bbox 611 4482 778 4553; x_wconf 82' lang='lat' dir='ltr'><strong>Toxandis</strong></span> <span class='ocrx_word' id='word_1_251' title='bbox 800 4483 931 4572; x_wconf 78' lang='lat' dir='ltr'><strong>scriptor</strong></span> <span class='ocrx_word' id='word_1_252' title='bbox 952 4481 1113 4549; x_wconf 80' lang='lat' dir='ltr'><strong>inscientia</strong></span> <span class='ocrx_word' id='word_1_253' title='bbox 1134 4478 1293 4560; x_wconf 86' lang='lat' dir='ltr'><strong>erraverit,</strong></span> 
     </span>
     <span class='ocr_line' id='line_1_31' title="bbox 42 4593 1102 4654; baseline 0.007 -11"><span class='ocrx_word' id='word_1_254' title='bbox 42 4610 47 4620; x_wconf 93' lang='lat'>·</span> <span class='ocrx_word' id='word_1_255' title='bbox 121 4599 290 4654; x_wconf 76' lang='lat' dir='ltr'><strong>Guttontag,</strong></span> <span class='ocrx_word' id='word_1_256' title='bbox 315 4599 342 4644; x_wconf 86' lang='lat' dir='ltr'><strong>do</strong></span> <span class='ocrx_word' id='word_1_257' title='bbox 359 4601 474 4646; x_wconf 73' lang='lat' dir='ltr'><strong>Tonante.</strong></span> <span class='ocrx_word' id='word_1_258' title='bbox 1074 4593 1102 4650; x_wconf 54' lang='grc' dir='ltr'>ἦ</span> 
     </span>
    </p>
   </div>
   <div class='ocr_carea' id='block_1_6' title="bbox 0 0 1435 4906">
    <p class='ocr_par' dir='ltr' id='par_1_10' title="bbox 0 0 1435 4906">
     <span class='ocr_line' id='line_1_32' title="bbox 0 0 1435 4906; baseline 0 0"><span class='ocrx_word' id='word_1_259' title='bbox 0 0 1435 4906; x_wconf 95' lang='lat' dir='ltr'><strong> </strong></span> 
     </span>
    </p>
   </div>
  </div>
 </body>
</html>
