2856 4906
694 225 743 304 ro,
787 260 792 273 ι

110 402 220 484 quarto
243 402 275 459 et
296 392 498 483 sequentibus
520 394 654 475 fuerunt,
677 393 716 459 de
740 392 851 483 quibus
868 391 982 459 Christ.
998 390 1111 460 Daniel
1132 389 1284 461 Beelrius:
1298 391 1320 475 ¹)

107 501 184 586 ,Est
206 501 281 568 illud
303 502 534 570 levissimorum
557 505 743 591 scriptorum
766 525 883 592 genus,
916 504 968 592 qui
997 501 1125 569 saeculo
1152 511 1265 593 quarto
1288 511 1321 569 et

109 612 215 702 quinto
248 614 416 681 amatorias
450 621 697 704 composuerunt
733 611 854 678 tabulas
882 611 976 695 tales,
1009 634 1092 703 quae
1122 612 1210 701 leges
1239 613 1322 679 veri-

111 719 316 788 similitudinis
337 745 445 789 omnes
468 725 650 812 migrarent,
674 721 713 787 ab
735 722 913 787 inventione
935 732 966 787 et
986 723 1110 811 ingenio
1133 722 1322 812 scriptorum

109 829 229 897 nullam
258 829 409 898 haberent
434 831 756 913 commendationem,
787 831 962 897 narratione
989 829 1159 898 lectoribus
1180 831 1323 899 taedium

111 951 265 1020 crearent,
298 951 507 1009 monstrarent
534 941 666 1030 denique
694 964 811 1030 pravae
839 949 870 1006 et
897 940 1017 1008 servilis
1042 951 1185 1008 veterum
1217 941 1323 1009 imita·

106 1051 197 1116 tionis
226 1053 385 1141 vestigia.“
442 1052 532 1137 Quae
558 1051 651 1141 igitur
680 1050 719 1116 de
748 1048 862 1117 tabulis
891 1050 1047 1117 amatoriis
1075 1050 1171 1117 homo
1206 1049 1322 1117 doctus

104 1159 272 1241 iudicavit,
315 1164 417 1228 omnia
451 1163 515 1228 lere
553 1161 591 1226 de
625 1159 782 1227 Toxaride'
815 1159 940 1249 dialogo
975 1160 1032 1227 dici
1065 1170 1221 1251 possunt,
1261 1161 1320 1228 uisi

106 1269 190 1357 quod
224 1271 291 1336 eius
325 1272 455 1361 scriptor
488 1292 550 1336 non
585 1279 649 1336 tam
684 1279 822 1349 veteres,
861 1293 956 1359 quam
987 1271 1173 1337 recentiores
1208 1279 1318 1337 aucto-

71 1435 74 1445 .
105 1401 156 1445 res
188 1379 325 1446 imitatos
356 1391 412 1446 est.
473 1383 577 1471 Atque
608 1391 642 1445 ut
674 1379 832 1470 scriptoris
872 1380 1113 1471 descriptionem
1139 1377 1321 1462 absolvam,

106 1475 222 1578 optime
255 1490 295 1569 is,
332 1512 414 1579 quae
447 1489 605 1557 Lucianus
643 1490 673 1555 in
709 1489 869 1555 rhetorum
909 1499 1112 1580 praeceptore
1148 1499 1320 1580 praecepta

106 1596 204 1679 dedit,
236 1608 268 1664 et
298 1598 438 1690 percepit
470 1608 501 1665 et
535 1610 662 1666 secutus
700 1607 761 1680 est,
793 1602 979 1688 praesertim
1005 1602 1100 1669 lraec:
1145 1598 1260 1668 Μέτει
1282 1598 1322 1669 δὲ

106 1702 281 1798 ἀπόρρητα
314 1708 371 1776 καὶ
404 1709 482 1790 ξένα
515 1707 647 1800 ῥήματα
680 1710 737 1777 καί
764 1707 946 1792 σπανιάκις
973 1708 1127 1801 εἰρημένα
1153 1705 1225 1778 ἀπὸ
1252 1715 1323 1778 τῶν

105 1816 231 1900 πάλαι,
261 1818 442 1886 καὶταῦτα
466 1817 684 1910 ξομφορήσας
706 1817 893 1902 ἀποτόξευε
915 1816 1209 1911 προχειριζόμενος
1230 1821 1322 1909 πρὸς

106 1930 183 2011 τούς
210 1925 425 2013 ὁμιλοῦντας·
453 1928 540 1998 οὕτω
568 1927 631 2021 γάρ
661 1954 699 1999 σε
728 1925 746 1999 ὁ
776 1933 860 2014 λεώς
887 1927 1035 2012 ὃπολιλς
1057 1928 1321 2025 ἀποβλέψονται

104 2040 161 2109 καί
175 2040 375 2124 θαυμαστὸν
389 2035 630 2133 ὑπολήψονται
644 2069 673 2111 κ.
687 2068 716 2109 τ.
728 2044 758 2110 λ.
769 2044 792 2124 ²)
805 2081 846 2093 -
859 2041 965 2112 ἐνίοτε
981 2043 1019 2111 δέ
1033 2043 1091 2110 καὶ
1105 2039 1207 2125 αὐτὸς
1221 2041 1320 2112 ποίει

105 2151 204 2219 καινά
232 2151 290 2218 καὶ
312 2146 480 2220 ἀλλόκοτα
503 2147 669 2236 ὀνόματα,
700 2154 757 2222 καί
784 2155 965 2238 νομοθέτει
990 2153 1050 2222 τὸν
1075 2155 1136 2239 μέν
1159 2151 1319 2244 ἑρμηνεῦ-

108 2287 168 2333 σαι
190 2262 301 2331 δεινὸν
324 2254 450 2342 εὔλεξιν
472 2264 585 2330 καλεῖν
607 2289 636 2331 κ.
657 2289 686 2330 τ.
709 2265 772 2348 λ’)
797 2303 836 2312 -
860 2260 948 2332 ἀλλά
969 2264 1027 2332 καί
1048 2259 1255 2352 ἀναγίνωσκε
1276 2264 1321 2334 τά

106 2375 241 2445 παλαιά
262 2375 323 2459 μέν
345 2372 390 2461 prr}
416 2371 525 2460 σύγε,
547 2369 630 2462 μηδ’
654 2370 691 2441 εἴ
706 2401 740 2442 τι
764 2371 783 2442 ὁ
808 2378 908 2466 λῆρος
926 2370 1115 2463 Ἰσοκράτης
1135 2369 1158 2464 ἢ
1181 2370 1200 2443 ὁ
1222 2372 1320 2464 χαρί-

106 2511 171 2554 των
194 2480 336 2573 ἀμοιρος
357 2479 625 2574 Δημοσθένηςῆ
647 2480 665 2552 ὁ
688 2485 818 2580 ψυχρὸς
838 2483 999 2566 Πλάτων,
1031 2481 1119 2553 ἀλλά
1146 2483 1225 2565 τούς
1251 2489 1320 2553 τῶν

104 2591 218 2684 ἀλίγον
239 2593 307 2683 πρὸ
330 2589 425 2683 ἡμῶν
447 2590 567 2682 λόγους
588 2594 646 2662 καὶ
667 2594 708 2676 ἀς
731 2618 818 2686 φασι
839 2592 962 2677 ταύτας
988 2595 1145 2681 μελέτας,
1175 2591 1223 2676 ὡς
1243 2593 1320 2687 ἔχῃς

103 2703 167 2775 ἀπ’
192 2701 325 2774 ἐκείνων
347 2699 621 2791 ἐπισιτισάμενος
644 2706 679 2774 έν
700 2710 805 2797 καιρῷ
831 2702 1124 2798 καταχρήσασθαι,
1154 2703 1319 2794 καθάπερ

105 2818 141 2887 ta
166 2813 322 2900 ταμιείου
349 2819 523 2906 προαιρῶν
536 2819 560 2902 ⁴)
585 2857 626 2866 -
656 2819 761 2908 μηδὲν
788 2819 827 2886 δέ
853 2815 1025 2907 μελλήσας
1055 2816 1131 2902 λέγε
1158 2811 1233 2886 ὅττι
1262 2842 1320 2886 κεν

104 2923 166 3019 ἐπ’υ
187 2923 367 3018 ἀκαιρίμαν
396 2929 544 3016 γλῶτταν
573 2924 677 3018 ἔλθῃ,
709 2928 813 3016 μηδὲν
841 2925 973 2996 ἐκείνων
1001 2924 1236 3017 ἐπιμεληθείς,
1271 2924 1320 3010 ὥς

103 3038 143 3108 τὸ
165 3040 300 3129 πρῶτον
322 3035 437 3127 ὥσπερ
468 3031 527 3106 οὖν
553 3039 611 3107 καὶ
637 3034 710 3107 ἔστι
736 3041 869 3127 πρῶτον
896 3035 981 3127 ἐρεῖς
1002 3038 1037 3107 έν
1058 3042 1165 3128 καιρῷ
1185 3036 1319 3128 προσή-

104 3173 196 3217 κοντι
213 3198 288 3214 ....
307 3145 395 3217 ἀλλά
416 3147 455 3217 cd
471 3152 605 3240 πρῶτον
626 3148 773 3235 ἐμπεσὸν
794 3152 929 3238 πρῶτον
952 3149 1103 3239 λεγέσθω
1118 3175 1149 3216 κ.
1159 3174 1190 3218 τ.
1202 3150 1260 3233 λ’)
1273 3188 1317 3199 -

103 3252 164 3326 κάν
186 3257 265 3346 περὶ
285 3252 445 3348 ὑβριστοῦ
466 3284 557 3342 τινος
578 3256 599 3349 ἢ
619 3264 739 3345 μοιχοῦ
762 3259 860 3351 λέγῃς
873 3257 1057 3352 Ἀθήνησι,
1081 3259 1122 3328 τά
1146 3259 1180 3328 ἐν
1198 3256 1320 3342 Ἰνδοῖς

104 3367 161 3438 καλ
178 3363 397 3454 Ἐκβατάνοις
418 3368 583 3460 λεγέσθω.
595 3374 616 3455 ⁸)
672 3370 728 3436 llis
759 3381 862 3436 tamen
891 3372 1009 3461 asperis
1037 3371 1156 3437 facetiis
1183 3371 1321 3461 scriptor

104 3476 269 3545 Toxaridis
286 3501 348 3546 non
364 3480 562 3562 retinebatur,
585 3483 751 3569 quominus
768 3481 847 3548 haec
869 3483 936 3573 ipsa
951 3490 1130 3571 praecepta,
1153 3502 1235 3570 quae
1249 3481 1321 3547 irri-

101 3668 302 3682 αι-ι--ι-σ--ῇ

177 3785 197 3854 1)
215 3791 300 3843 Praei.
317 3792 346 3840 in
365 3789 465 3841 Oharit.
484 3805 500 3840 a
517 3790 631 3842 Dorrill.
650 3791 728 3854 cdit.;
756 3793 790 3840 of.
808 3790 945 3858 wyttenb.
971 3792 999 3842 in
1017 3793 1085 3842 Xen.
1104 3793 1204 3860 Epiros.
1222 3794 1264 3846 erl.
1282 3795 1320 3848 ab

102 3877 344 3928 Hoffmm·Peerlk.
362 3893 387 3942 p.
397 3877 468 3927 LXI.
481 3882 546 3929 extr.
566 3881 592 3927 et
610 3877 645 3928 in.
660 3879 745 3930 LXII.

33 3957 38 3966 ’
176 3964 195 4027 ²)
215 3963 248 4017 17
268 3962 322 4028 (tl,
341 3961 464 4028 29—32).

175 4049 195 4115 χ
215 4049 248 4103 rr
267 4048 322 4114 (rr,
341 4048 465 4113 aa-ao).
518 4032 527 4047 ‘

174 4139 195 4204 ⁴)
215 4136 248 4190 lt
267 4135 322 4202 (λλ,
340 4135 431 4200 3-7).

119 4234 144 4240 ”
177 4222 325 4288 ⁵)18(72,
345 4220 468 4287 10-15).

176 4309 198 4375 ‘)
217 4309 251 4363 18
269 4308 323 4375 (ta,
343 4308 481 4374 16-18),
506 4326 585 4376 qoam
608 4312 686 4362 ctiam
709 4311 759 4363 troo
783 4320 948 4380 pracceptum
967 4313 1107 4366 Toxcridto
1129 4315 1242 4380 scriptor·
1262 4332 1321 4370 oon

101 4396 265 4464 neglexerit,
285 4414 318 4448 ex
339 4398 392 4460 eis,
411 4413 479 4462 quoe
497 4397 566 4448 intra
584 4396 615 4446 de
633 4397 711 4448 rebus
729 4401 758 4448 in
776 4398 881 4466 dialogo
899 4403 1012 4452 namatio
1030 4400 1252 4467 disputabuntur,
1277 4405 1322 4456 iu·

99 4479 246 4548 tollogetar.
1206 4502 1209 4507 ·
