2856 4906
681 213 726 281 30

93 379 215 464 tttetto,
248 383 301 473 qui
323 378 553 470 Philopseudes
580 383 767 466 inscribitur,
801 407 869 476 cap.
882 388 925 452 30
943 409 1031 476 seqq.
1053 386 1094 469 (Ι,
1115 389 1179 454 223
1193 396 1308 479 sequ).

96 491 249 559 Euorates
272 502 381 559 notam
403 489 490 557 iliam
511 513 577 556 rem
599 495 709 558 miram
722 495 742 578 ¹)
767 518 915 560 enarrans
938 496 1056 577 dixerit,
1078 520 1114 561 se
1137 498 1167 562 in
1183 498 1308 564 occuito

95 600 246 670 latentem
268 599 400 667 verbum
422 602 584 690 magicum
607 603 773 685 audivisse,
796 603 904 669 adicit:
935 615 1022 685 „erat
1044 616 1149 672 autem
1172 605 1308 695 trisylla-

96 710 189 777 bum'¹
219 705 276 801 [ἦν
299 712 337 780 δέ
357 708 580 801 τρισύλλαβος
607 734 676 802 cap.
700 713 744 779 35
765 712 811 795 (Ι,
833 714 905 791 224,
926 715 996 803 2)];
1027 715 1125 783 simile
1148 717 1178 783 in
1200 716 1309 783 Toxa·

95 821 159 888 ride
187 823 423 912 interpositionis
455 846 555 911 genus
585 832 769 914 usurpatur,
807 834 842 889 ut
873 846 941 914 cap.
968 827 1007 890 15
1030 826 1120 907 (227,
1141 829 1202 909 26)
1225 827 1308 895 ε’τιε-

98 927 222 1019 ιτοίητο
249 932 287 1001 δὲ
308 929 412 1001 λίθου
434 935 568 1014 λευκοῦ,
596 942 627 999 et
650 935 689 998 til
708 933 793 1016 (246,
809 936 864 1016 21)
887 932 999 1018 ἔτυχον
1020 935 1082 1023 γάρ
1105 933 1140 1005 έν
1164 934 1309 1028 ύπεριβιμ

96 1043 163 1111 τινὶ
183 1047 423 1123 κατοικοῦντες.
474 1043 538 1110 Sed
568 1042 651 1131 quod
680 1043 829 1110 stolidum
852 1045 1014 1111 artificium
1037 1070 1091 1135 per
1114 1051 1220 1114 iocum
1244 1047 1307 1114 Lu·

97 1153 205 1219 cianus
229 1155 346 1243 optime
368 1156 520 1234 imitatur,
554 1173 591 1217 eo
614 1155 694 1218 serio
718 1152 883 1220 Toxaridis
907 1157 1038 1246 scriptor
1060 1179 1224 1246 perperam
1246 1157 1307 1222 uti·

95 1272 155 1331 tur.
202 1263 330 1329 Accedit
353 1265 447 1330 etiam
468 1262 560 1345 illud,
584 1262 667 1352 quod
691 1285 772 1352 quae
795 1287 813 1329 a
837 1262 977 1331 Luciano
1001 1266 1220 1333 continuationi
1244 1289 1309 1333 ser·

96 1373 202 1440 monis
215 1371 316 1439 media
331 1375 577 1464 interponuntur,
600 1373 720 1439 etiarnsi
744 1374 841 1439 omitti
856 1386 998 1464 possunt,
1022 1377 1100 1443 bene
1115 1385 1220 1443 tamen
1236 1387 1310 1443 cuin

96 1506 136 1550 eo
159 1481 344 1564 cohaerent,
378 1507 459 1572 qnae
482 1507 558 1550 vero
581 1485 610 1549 in
634 1482 792 1549 Toxaride
813 1485 1034 1552 interclusione
1063 1487 1233 1566 adduntur,
1267 1487 1309 1552 ita

95 1593 213 1663 inutilia
235 1601 308 1660 sunt
331 1601 365 1658 ut
388 1594 432 1660 eis
455 1595 578 1660 omissis
601 1591 712 1659 meiius
735 1594 829 1659 etiam
852 1597 949 1662 oratio
972 1597 1167 1686 procederet.

429 1800 492 1852 Alia
509 1814 647 1868 perversae
666 1800 822 1853 imitationis
841 1803 969 1868 exempla.

180 1919 347 1989 Praeterea
370 1920 547 1986 imitationis
567 1916 725 1985 instrlsitas
748 1918 778 1983 in
800 1917 887 1984 hisce
909 1921 1045 1986 maxime
1069 1929 1211 2011 apparet:

136 2039 139 2044 '
182 2030 347 2114 Κατσβᾶς
369 2026 441 2097 cirsd
463 2031 529 2094 τιῦν
552 2022 714 2122 ἰαμβείων
743 2049 887 2115 necyom.
914 2030 928 2093 l
954 2030 1040 2111 (304,
1056 2031 1126 2114 30),
1154 2039 1185 2095 et
1207 2055 1309 2098 κατα-

95 2140 160 2225 βάς
182 2135 254 2208 άπὸ
275 2143 341 2207 τῶν
363 2132 545 2228 θησαύρων
566 2137 670 2225 navig.
685 2139 727 2203 46
745 2138 830 2221 (353,
847 2141 877 2220 7)
900 2136 1002 2228 lepide
1025 2148 1056 2204 et
1077 2139 1184 2205 iocose
1206 2139 1310 2206 detor·

98 2248 198 2339 quens
226 2248 418 2317 locutionem
441 2245 656 2333 καταβαίνειν
684 2243 755 2316 ἀπὸ
783 2251 844 2316 τοῦ
870 2245 1022 2338 βήματος
1053 2250 1174 2338 scripsit
1195 2246 1310 2314 Lucia-

96 2382 172 2441 nus,
205 2359 286 2426 seria
309 2360 449 2425 oratione
472 2369 503 2425 et
524 2354 826 2448 inepte'Lucianum
848 2361 971 2424 imitans
994 2356 1157 2424 Toxaridis
1180 2359 1311 2447 scriptor

98 2469 246 2555 accepisic
268 2465 340 2538 άττό
362 2474 423 2538 τοῦ
446 2467 548 2557 λόγου
571 2467 646 2533 dixit
668 2468 710 2532 35
734 2469 818 2550 (235,
833 2469 903 2550 37),

184 2589 252 2647 tum
285 2580 374 2668 πλὴν
401 2576 489 2647 ἄλλο)
522 2578 580 2646 καὶ
608 2582 707 2647 τοῦτο
736 2574 762 2644 ὡ
773 2604 791 2659 ς
824 2578 1035 2668 νομοθέτῃ
1066 2575 1224 2644 πειστέον
1256 2599 1313 2643 σοι

97 2693 204 2758 iocose
232 2700 262 2756 et
289 2691 391 2757 tacete
419 2691 502 2780 apud
532 2689 707 2756 Lucianum
733 2688 924 2756 Anacharsis
948 2687 1058 2755 Soloni
1081 2687 1153 2752 dicit
1176 2684 1309 2773 [Anach.

99 2803 139 2866 18
150 2801 185 2886 (Ι,
196 2803 270 2884 293,
282 2801 404 2888 2-3)]‚
425 2799 532 2866 nuilus
555 2821 631 2864 vero
653 2797 742 2890 lepor
764 2801 845 2867 inest
866 2801 896 2866 in
920 2799 978 2878 his,
1001 2820 1082 2887 quae
1105 2794 1166 2861 hoc
1188 2797 1312 2863 imitans

97 2911 261 2978 Toxaridis
285 2913 417 3000 scriptor
437 2908 579 2998 Scythen
601 2908 764 3000 Mnesippo
788 2908 943 2976 dicentem
967 2908 1052 2974 tacit:
1076 2907 1233 2976 πειστέον
1255 2906 1312 2974 καὶ

97 3020 200 3091 ταῦτά
223 3045 279 3090 σοι
302 3023 604 3105 νομοθετοῦντι
626 3020 668 3084 56
692 3021 779 3103 (244,
793 3019 862 3102 34);

184 3132 294 3199 deinde
326 3129 360 3198 τί
392 3130 433 3198 σύ
469 3130 597 3217 λέγεις,
637 3123 676 3196 οῦ
711 3129 804 3195 δοκεῖ
834 3150 891 3195 σοι
925 3123 943 3194 ὃ
975 3123 1061 3196 κύων
1094 3122 1182 3195 εἶναι
1210 3123 1312 3212 darie,

99 3270 128 3309 κ.
151 3268 181 3308 τ.
205 3242 234 3307 λ.
258 3240 456 3307 festivissime
477 3238 636 3306 Lucianus
658 3237 801 3304 irridendi
825 3260 921 3304 causa
942 3240 1109 3306 Socratem
1132 3236 1312 3309 exclamau-

101 3362 165 3418 tem
188 3351 261 3417 iacit
283 3352 336 3418 vit.
354 3357 436 3426 auct.
454 3350 672 3432 ls(259,10);
704 3349 807 3437 inepte
830 3348 967 3436 Scythes
994 3349 1023 3413 in
1046 3346 1204 3414 Toxaride
1233 3347 1312 3412 serio

98 3461 182 3531 dicit:
215 3457 249 3529 τί
271 3459 313 3530 σύ
334 3461 456 3550 λέμεις;
485 3451 526 3528 οῦ
553 3482 609 3529 σοι
639 3461 796 3528 δοκοῦσιν
824 3453 842 3526 ὃ
873 3451 995 3543 άνεμος
1023 3456 1081 3525 καὶ
1108 3452 1127 3524 ὁ
1158 3452 1314 3544 ἀκινάκης

99 3572 180 3641 θεοὶ
202 3564 304 3654 εἶναι,
327 3571 470 3653 38(237,
487 3569 537 3651 13)
560 3571 667 3637 confer
688 3578 867 3661 praeterea:

184 3683 312 3750 icarom.
335 3683 356 3747 8
380 3681 465 3764 (163
481 3688 559 3747 extr.
577 3682 646 3768 sq.)
679 3678 715 3748 εἴ
745 3705 821 3747 τινα
854 3677 966 3764 ἴδοιμι
996 3679 1083 3765 μέγα
1115 3677 1313 3766 φρονοῦντα,

99 3791 154 3862 ὅτι
179 3791 378 3872 δακτυλίους
405 3816 449 3859 τε
471 3782 557 3873 εἶχεν
584 3785 671 3858 ὀκτώ
698 3791 755 3860 καὶ
781 3787 909 3881 φιάλας
935 3789 1110 3877 τέτταρας,
1141 3783 1231 3856 πάνυ
1258 3789 1315 3856 καὶ

100 3903 160 3974 ἐντὶ
181 3899 287 3993 τούτῳ
311 3900 352 3972 tto
374 3901 506 3991 ἐγέλων,

41 3997 45 4103 ζ
186 4013 267 4080 Tox.
282 4016 325 4078 46
348 4013 592 4096 (240,10-12)
611 4005 807 4102 Ἀδυρμάχῳ
831 4013 869 4082 δέ
890 4015 937 4100 τῷ
959 4005 1102 4093 Μάχλυϊ
1121 4007 1316 4099 παρέδωκεν

48 4106 52 4111 ⁸
100 4122 247 4214 ἀπάγειν
267 4123 328 4213 τήν
349 4118 493 4211 νύμφην,
522 4120 576 4192 ὅτι
601 4126 724 4214 χρυσᾶς
751 4146 788 4190 τε
817 4119 947 4213 φιάλας
968 4119 1100 4211 ἐλέγετο
1119 4117 1210 4215 1ι’άμιιν
1234 4118 1315 4186 δέκα

100 4237 160 4306 καὶ
181 4231 314 4320 ἁμάξας
335 4229 566 4323 τετρακλίνους
589 4229 805 4324 ὀγδοήκοντα,
828 4234 890 4300 vid.
913 4254 1007 4325 supra
1030 4257 1061 4324 p.
1076 4233 1165 4298 auin.

182 4507 200 4572 ¹)
220 4508 260 4562 cf.
279 4507 386 4564 Goethii
404 4520 508 4560 carmen
527 4504 597 4576 quod
613 4506 767 4561 insenbttur
784 4506 830 4562 dor
847 4502 1074 4573 zoubsrtshrting.
