2856 4906
660 182 704 247 63

79 367 85 375 ’
135 358 227 428 liaeo
254 359 379 451 propria
417 354 569 422 molentis
599 353 680 418 voci
698 352 809 419 subest
840 352 932 418 etiam
961 354 991 419 in
1019 354 1289 446 rlret.praee.10

139 468 173 552 (1,
185 465 237 552 69,
248 471 304 554 28)
325 465 371 557 μή
388 490 426 537 σι
447 460 662 556 ἐκτραχηλίσῃ
685 485 754 530 που
776 460 993 547 παραλαβών,
1018 465 1192 531 referuntur
1205 468 1288 532 enim

71 596 75 606 '¹
138 580 235 648 verba
257 581 393 670 imagine
416 597 568 666 expresso
591 575 630 640 ad
653 573 746 638 baec:
769 571 802 652 ἐς
823 572 862 641 τό
886 570 972 642 stet
991 578 1049 664 τῆς
1071 579 1245 668 ῥητορικῆς
1266 576 1286 670 ἦ

92 752 94 756 ,
142 687 233 775 ὁδός.
278 686 427 756 Similiter
452 686 492 780 <le
516 708 613 752 mere.
637 682 727 750 cond.
743 683 786 748 42
802 681 849 765 (ΙΙ,
872 685 940 767 142,
958 688 989 768 5)
1013 686 1214 779 dictumest:
1243 687 1289 772 ὡς

80 786 84 798 ¹
140 795 306 881 πολλάκις
338 785 401 890 ἤδη
430 795 517 887 πρός
545 800 591 886 τῷ
619 790 707 885 supp
735 789 881 863 ἔσεσθαι
908 791 1111 881 ἐλπίσαντας
1137 799 1307 892 ἐκτραχη,

144 915 319 1001 λισθῆναι,
341 909 557 977 1η’1ὀιι.υειο
577 907 615 972 14
627 906 714 988 (227,
726 906 759 988 2)
783 902 1023 996 ἔκτροχηλίζιιν
1040 911 1116 979 τινά
1136 914 1290 1003 significet

139 1045 269 1114 pessum
294 1021 381 1102 dare,
402 1017 532 1110 perdere
555 1015 702 1106 aliquem,
725 1023 760 1080 ut
783 1015 867 1104 apud
889 1017 1195 1109 Alciphr.lll,40,4.

72 1133 267 1225 ’Βοτρυχοῦν
295 1142 327 1198 et
347 1130 487 1223 τρυχοῦν
511 1125 686 1217 significant
709 1133 875 1206 atterere,
899 1138 1099 1211 attenuare,
1123 1130 1289 1220 affluere,

142 1267 271 1314 υιαυνο
293 1251 325 1308 et
348 1240 491 1308 dicuntur
513 1237 552 1305 de
574 1234 765 1317 bominibus,
795 1245 830 1302 ut
851 1235 929 1304 Luc.
953 1239 992 1305 de
1018 1263 1113 1308 merc.
1137 1242 1226 1310 cond.
1247 1244 1290 1308 39

143 1354 192 1441 (11,
214 1354 285 1433 140,
301 1352 379 1435 28),

226 1464 265 1531 de
291 1460 431 1528 vestibus
461 1468 492 1523 et
520 1454 670 1521 similibus
704 1456 797 1524 rebus
833 1459 916 1549 apud
944 1461 1132 1550 posteriores
1162 1461 1290 1528 demum

139 1575 236 1644 verba
259 1579 459 1661 usurpantur,

151 1697 182 1742 ut
200 1686 270 1755 apud
287 1685 405 1752 Aloiphr.
425 1686 445 1748 1,
466 1681 508 1746 14,
528 1683 542 1735 l
562 1683 765 1750 τιτρυχωμένον
785 1681 909 1749 δίκτυον,
927 1684 1032 1740 Heliod.
1051 1685 1100 1749 Vl,
1121 1686 1152 1739 ll
1173 1687 1244 1751 (172,
1263 1687 1291 1752 2)

150 1780 239 1837 κάδια
257 1780 459 1851 τετρυχωμένα,
478 1779 535 1841 VII,
554 1776 570 1829 7
591 1774 662 1842 (187,
681 1775 708 1839 7)
728 1773 832 1842 ἐσθῆτα
850 1781 1067 1849 τετρυχωμένην,
1087 1789 1112 1831 et
1129 1782 1168 1833 itu

31 1859 50 1887 ι
98 1862 142 1931 Ιἱιι
161 1879 230 1932 Τοι.
249 1875 284 1931 30
302 1874 374 1942 (234,
393 1873 438 1939 15)
457 1872 681 1943 ἐκτετρυχωμένα
700 1867 779 1944 ῥάκη.
868 1878 870 1880 ’

75 1994 317 2087 Ἔπαγρυπνιῖν
350 2017 433 2073 τινι,
470 1995 636 2058 insomnes
670 2000 784 2055 rrootes
815 2014 916 2076 opero
951 1993 988 2058 ob
1022 1994 1109 2080 ιιὶιμλ.
1137 1995 1246 2059 dieitur
1272 2016 1290 2058 a
1317 2076 1321 2083 ι

142 2105 301 2173 veteribus
324 2111 355 2169 et
377 2124 397 2168 a
418 2100 573 2167 Lucieno:

151 2222 221 2273 Tim.
243 2216 277 2271 14
295 2219 326 2285 (1,
345 2216 407 2281 394,
426 2214 470 2279 17)
490 2212 533 2266 ἐπ.
552 2217 605 2271 τοῖς
623 2209 722 2279 τόκοις,
751 2214 815 2281 gell.
833 2212 867 2266 31
888 2214 958 2280 (423,
978 2215 1022 2280 17)
1041 2215 1127 2275 τόκοις
1145 2235 1178 2268 ex
1197 2214 1293 2271 άναλο

149 2310 294 2386 γιζόμενυν
310 2310 370 2370 τοὺς
388 2307 483 2368 τόκους
501 2308 707 2375 intellegendum
726 2315 778 2372 ost,
799 2309 852 2360 Sat.
872 2308 906 2363 26
925 2307 996 2374 (434,
1016 2309 1043 2374 7)
1063 2307 1192 2369 ἑκάστας.

81 2431 234 2502 Absolute
257 2439 426 2519 usurpatur
442 2423 667 2518 ἐπαγρυπνεῖν
685 2423 862 2516 significuus
878 2429 1044 2494 insomnes
1060 2437 1175 2495 ιιοολοι
1192 2454 1293 2515 apere

115 2551 145 2600 in
163 2548 231 2600 Tox.
250 2543 369 2609 14(227,
383 2540 438 2606 10),

87 2684 93 2699 .
151 2643 186 2696 ob
202 2641 369 2693 Aristaeneto
387 2641 409 2702 1,
426 2637 460 2693 27
480 2642 552 2708 (121,
571 2643 625 2708 22).

77 2755 321 2837 ’lautumiae
343 2757 472 2845 Ινυιιηί,
496 2756 537 2824 de
557 2757 704 2826 fluctibus
727 2760 850 2827 dicitur:

85 2922 90 2930 .
117 2873 186 2926 Tox.
204 2871 240 2926 20
258 2869 328 2937 (230,
347 2869 375 2936 6)
394 2867 442 2925 τόν
460 2864 528 2940 ἦχον
545 2873 591 2925 τοῦ
610 2868 709 2931 ὕδατος
727 2871 923 2940 ἐπικλωμένου,

152 2966 270 3034 Aloiphr.
291 2967 310 3030 l,
335 2966 359 3030 1,
378 2965 393 3020 1
413 2964 574 3034 ἐπαλλήλων
593 2966 792 3038 ἐπικλωμένων
809 2967 864 3021 τῶν
882 2963 1022 3037 κυμάτων.

80 3080 200 3173 Ἱκέτης
226 3081 335 3148 latiore
357 3083 494 3173 quodam
517 3083 755 3173 significatione,
783 3092 818 3150 ut
839 3081 1021 3150 Latinorum
1044 3085 1202 3168 supplex,
1227 3085 1295 3173 qui-

149 3213 285 3281 cumque
299 3194 460 3260 submisse
476 3202 544 3259 orat
559 3216 576 3259 a
589 3194 812 3284 posterioribus
825 3191 952 3261 demum
969 3195 1093 3260 videtur
1104 3193 1205 3261 dictus
1216 3219 1295 3263 esse.

156 3305 261 3359 Heliou.
276 3307 308 3370 11,
322 3305 357 3360 33
370 3306 423 3371 (74,
436 3305 491 3373 25),
509 3309 554 3373 lV,
568 3307 583 3360 7
598 3307 669 3373 (105,
682 3307 799 3372 20-21)
813 3307 900 3361 ἱκέται
913 3303 1080 3379 γιγνόμεθα,
1097 3305 1136 3378 μὴ
1151 3308 1296 3377 περιιδεῖν,

157 3403 205 3467 lX,
224 3401 241 3455 6
259 3399 331 3467 (231,
352 3401 393 3455 10.
413 3401 466 3467 13).

122 3501 188 3553 Tox·
207 3494 243 3550 55
261 3494 341 3562 (244,
360 3495 408 3562 17)
428 3497 514 3550 ἱκέται
533 3495 610 3567 παρὰ
629 3496 688 3551 τῶν
702 3499 843 3568 πολιμίων
860 3493 968 3564 ἥκοντες
993 3475 1100 3552 ἐδέοντο
1121 3499 1221 3567 φιλίαν
1239 3517 1297 3552 ποι-

156 3595 263 3656 εῖσθαι,
293 3593 327 3644 ol.
346 3609 406 3644 oum
424 3593 478 3644 his:
508 3593 581 3645 iliud.
600 3595 684 3657 ΧΧΙ,
698 3592 744 3648 75:
775 3588 852 3647 άντί
870 3596 915 3646 τοί
935 3589 986 3662 εἰμ’
1007 3593 1114 3658 ἱκέταο,
1137 3595 1298 3664 Διοτρεφές,

159 3687 289 3752 αἰδοίοιο,
308 3676 374 3738 buo.
394 3689 436 3738 bis
455 3703 509 3743 ooo.
528 3687 561 3740 21
576 3690 627 3752 (ll,
642 3687 688 3752 11,
702 3686 768 3754 25),
796 3683 888 3756 ὥσπερ
908 3689 998 3754 ἱκέτην
1017 3687 1064 3741 ἐπὶ
1081 3685 1129 3742 τόν
1152 3689 1200 3740 τοῦ
1220 3687 1297 3742 ἐλέου

158 3779 255 3850 βωμόν
273 3777 495 3851 καταφεύγοντα.

85 3894 247 3986 Ἶκοτηρόα
270 3907 319 3961 est
340 3920 448 3964 somus
471 3896 560 3964 oleae
571 3896 646 3965 tana
663 3896 832 3965 obvolutus
848 3897 968 3983 (Sebol.
981 3901 1073 3966 Arist.
1085 3899 1168 3966 Plut.
1180 3923 1210 3964 v.
1222 3900 1299 3967 383:
1356 3977 1360 3984 Ι

146 4002 394 4096 'temptasset
421 4004 545 4088 κλάδος
572 4003 688 4088 ἐλαίας
716 4005 793 4098 ἐρίῳ
820 4009 1065 4098 πεπλεγμένος,
1094 4005 1127 4078 οἱ
1148 4009 1210 4100 γάρ
1233 4007 1299 4078 ἱκο-

153 4116 306 4210 ττόοντες
327 4114 444 4198 ἐλαίας
465 4125 614 4203 κατεῖχον
637 4114 792 4205 κλάδον);
822 4143 958 4211 cumque
987 4117 1133 4211 ἱκετηρία
1154 4144 1210 4212 pro
1234 4117 1299 4186 lxe-

154 4229 228 4301 τιιά
252 4228 349 4296 verbo
373 4227 530 4318 legeretur
552 4230 636 4319 apud
659 4229 752 4295 lsoor.
766 4230 796 4294 8.
813 4232 841 4316 §.
861 4232 922 4296 164
944 4230 1108 4297 Belrlrerus
1131 4254 1171 4296 ex
1193 4228 1302 4295 codiee

154 4337 322 4424 ,‚ixsselo“
345 4337 684 4428 vocabulumreeepi13
708 4338 791 4430 apud
812 4343 998 4429 posteriores
1015 4362 1090 4405 vero
1113 4335 1303 4428 ,,ἱκετηρία“

153 4470 268 4519 vocem
288 4452 374 4520 idem
395 4449 533 4516 relisisse
555 4458 650 4538 atque
671 4445 840 4531 ,,ἱκττοία“
862 4460 991 4542 apparet

135 4568 303 4625 (iuuentus,
329 4572 356 4614 do
374 4569 488 4614 Toruride.
1053 4565 1076 4627 5
