2856 4906
700 197 743 265 42

191 374 305 441 philope.
323 373 359 428 36
376 373 452 440 (224,
472 375 521 440 7),
547 375 612 442 piec.
632 374 649 427 2
667 375 740 440 (266,
760 373 776 429 6
795 381 820 425 et
839 374 881 440 7),
907 374 1010 426 Anuch.
1027 372 1061 426 17
1081 373 1155 439 (229,
1173 371 1235 439 28),
1264 371 1331 423 dial.

188 474 262 521 mort.
280 469 341 533 XII,
361 467 376 521 7
397 469 470 534 (361,
490 468 545 533 39).

143 565 170 627 d)
188 564 336 615 Perfectum
355 564 424 616 idem
443 571 521 632 atque
538 581 661 636 praesens
679 565 788 616 culeum

258 658 356 711 Bacch.
374 657 411 712 55
428 659 462 727 (1,
481 659 525 724 22,
545 660 592 724 19)
610 661 779 712 πεπίστευκα
798 659 883 721 credo,
902 655 1013 719 confide,
1033 655 1112 707 Cher.
1129 653 1165 707 22
1181 652 1331 719 (324,13),

187 755 291 808 Seturn.
309 753 327 806 5
345 752 419 818 (426,
433 755 471 818 6),
491 755 568 808 Alex.
586 756 622 809 30
640 757 685 819 (11,
703 753 747 817 85,
766 753 805 817 5),
825 754 857 805 de
874 752 983 819 epnphr.
1001 750 1019 803 8
1037 750 1111 816 (116,
1128 748 1175 817 4),
1193 766 1240 816 pro
1260 749 1331 816 lupe.

186 850 214 899 in
233 850 292 900 uult.
311 849 328 902 3
346 848 492 914 (149,16),
512 846 684 920 πεφρόνιικα
704 849 834 901 sollicitus
853 864 919 899 eum.

203 937 289 1005 Idem
313 941 439 1029 perfecti
462 949 492 1005 et
515 941 812 1031 plusquamperfect
835 960 911 1004 usus
932 938 964 1004 in
984 935 1140 1003 'l'oxaride
1163 938 1332 1002 invenitur.

139 1049 1332 1122 mmfflmfflwmmffiummmmmmm

185 1148 219 1200 23
238 1146 311 1212 (231,
332 1147 388 1212 19),
406 1148 441 1202 25
463 1149 536 1214 (232,
556 1150 612 1216 10),
631 1149 664 1203 27
684 1147 755 1214 (233,
775 1148 814 1212 6),
832 1146 868 1200 28
886 1143 961 1209 (233,
975 1144 1077 1199 16-17
1091 1151 1116 1196 et
1127 1144 1182 1209 19),
1201 1142 1237 1196 29
1251 1143 1332 1208 (233,

184 1237 1328 1311 mmmmmfflmmfflmffimufflmm

183 1337 217 1389 46
236 1335 309 1402 (240,
329 1337 372 1392 16.
391 1339 446 1408 20),
476 1340 511 1394 50
530 1340 602 1407 (242,
623 1340 678 1406 11),
708 1337 741 1393 51
761 1338 835 1405 (242,
854 1337 912 1405 32),
935 1334 971 1389 52
988 1332 1062 1398 (243,
1081 1332 1119 1400 5),
1146 1333 1182 1388 60
1201 1333 1277 1400 (246,
1298 1335 1326 1388 4.

185 1427 274 1483 ὥστε
293 1428 416 1485 αὐτίκα
435 1431 628 1488 ἐπεπτώκει
645 1440 671 1486 et
684 1433 722 1502 7).

127 1526 158 1590 b)
183 1524 240 1590 δεῖ,
256 1525 311 1598 χρή
331 1523 430 1595 (οὐδὲν
448 1525 562 1594 κωλύει,
581 1524 662 1594 ἥδιόν
679 1546 728 1600 μοι
746 1527 832 1596 δοκεῖ,
850 1520 946 1596 καιρός
962 1524 1045 1587 ἔστιν,
1065 1519 1291 1594 ἐξεργάζεσθαι)ε

248 1622 265 1675 5
279 1623 352 1688 (222,
362 1623 479 1691 31-32)
493 1619 577 1679 οὐδὲν
589 1620 688 1677 κωλύει
699 1660 704 1676 .
717 1661 724 1676 .
736 1661 742 1676 .
756 1625 911 1695 κεκρίσθαι,
932 1619 965 1673 10
978 1617 1117 1687 (225,11),
1137 1618 1169 1672 11
1183 1616 1259 1684 (225,
1271 1618 1331 1683 22),

181 1716 217 1768 29
235 1716 306 1782 (233,
325 1715 383 1783 32),
402 1719 436 1773 32
455 1720 528 1786 (234,
547 1721 604 1786 43),
624 1720 659 1774 62
677 1718 749 1784 (246,
768 1718 815 1782 38;
834 1716 895 1781 247,
915 1714 951 1783 1).

139 1810 165 1876 c)
184 1811 216 1864 11
237 1812 309 1879 (225,
329 1812 373 1880 25)
394 1810 507 1885 ὡρίσθω
526 1815 561 1870 29
580 1812 756 1887 ὡρίσθωσαν.

135 1905 162 1971 d)
181 1906 195 1958 1
216 1906 289 1973 (221,
309 1908 337 1975 2)
357 1907 563 1976 πεπιστεύκατε,
582 1910 600 1965 3
618 1909 689 1979 (221,
702 1911 733 1975 3)
750 1910 922 1978 νενομίκατε,
941 1906 1047 1960 credite.
1076 1905 1117 1959 01.
1130 1904 1257 1957 Herodot.
1277 1905 1330 1957 lib.

181 2004 251 2069 viu,
271 2003 314 2059 79.

569 2104 687 2155 Medium
706 2119 753 2170 pro
771 2103 868 2153 activo.

195 2218 318 2287 Deinde
356 2217 461 2286 medio
493 2219 590 2286 verbo
629 2242 868 2308 nonnumquam
900 2215 1059 2283 Lucienus
1093 2223 1124 2280 et
1157 2213 1330 2280 Toxaridis

112 2329 243 2417 scriptor
265 2353 321 2420 pm
346 2332 450 2420 agenti
472 2329 569 2396 verbo
585 2339 723 2410 utuntur,
747 2328 830 2418 quod
848 2338 969 2396 veteres
986 2348 1136 2416 usurpare
1158 2322 1271 2406 solent,
1294 2333 1331 2389 ut

110 2434 326 2525 ἓπικλείομαι
346 2464 403 2532 pro
427 2437 585 2509 ἕπικλείαι
610 2440 726 2507 dictum
740 2448 810 2505 est:

141 2552 259 2620 Philepe.
279 2555 315 2609 25
331 2557 365 2618 (1,
385 2553 446 2619 219,
460 2552 507 2618 28)
526 2549 751 2623 ἐπικλεισάμενοι
770 2550 818 2611 τὰς
837 2548 935 2621 θύρας.
978 2553 1048 2606 Tim.
1066 2551 1102 2604 30
1118 2548 1193 2614 (398,
1206 2547 1326 2615 28-29),

180 2648 285 2701 Suturn.
305 2649 340 2702 32
359 2648 431 2711 (436,
449 2647 487 2711 2).

144 2743 210 2794 Tox.
230 2741 265 2796 50
284 2743 355 2807 (242,
376 2743 402 2806 1)
421 2737 643 2812 ἐπικλεισάμενοι
662 2739 709 2800 τὰς
727 2739 823 2814 θύρας.

194 2831 294 2900 Porro
316 2829 532 2919 ἕπιβοᾶσθοί
550 2860 625 2903 ιινοι
642 2835 748 2919 (med.)
768 2835 941 2924 significare
958 2834 1049 2915 solet,
1067 2832 1236 2901 ιιιιαὶλίιιια
1262 2832 1327 2898 ali-

111 2945 208 3009 cuius
224 2945 415 3031 implorare,
439 2966 513 3010 cum
535 2946 874 3026 clamorcobtcetur1'3
896 2943 958 3010 hoc
973 2954 1080 3010 autem
1094 2940 1227 3008 verbum
1251 2963 1328 3008 cum

111 3043 221 3137 ὄνομα
244 3055 369 3121 nemine
392 3056 594 3122 coniunctum
618 3078 674 3146 pro
698 3051 848 3142 ἀναβοᾶν
871 3056 1059 3122 dictumest
1082 3077 1100 3119 a
1122 3050 1279 3119 Lucieno:

178 3163 1305 3234 nmewmmmmmmmmumummm

147 3261 213 3314 Tex.
233 3261 267 3316 15
285 3261 357 3327 (227,
376 3260 492 3327 25-26)
511 3264 559 3314 καὶ
576 3255 701 3334 τοῦνομα
719 3264 765 3328 τῆς
781 3265 949 3334 Χαρικλείας
966 3261 1110 3330 ἐπεβοᾶτο.

564 3409 689 3462 Anticum
707 3427 753 3478 pre
771 3411 866 3463 medic.

192 3523 217 3589 E
242 3527 395 3592 contrario
419 3535 526 3594 aulem
548 3528 702 3596 interdum
730 3529 835 3617 agenti
861 3527 959 3594 verbo
985 3536 1094 3596 centra
1117 3549 1327 3598 communem

108 3636 367 3702 consuetudinem
389 3639 542 3704 sermonis
565 3637 678 3704 Graeci
709 3647 840 3726 uterquc
862 3639 974 3721 utitur,
1003 3649 1038 3705 ut
1060 3637 1157 3705 δεινὰ
1179 3647 1329 3709 ποιεῖν

106 3744 234 3828 (active)
248 3747 279 3829 ¹),

141 3857 172 3907 de
197 3874 275 3911 merc,
298 3861 376 3913 cond.
396 3860 497 3927 24(11,
517 3859 577 3924 134,
596 3859 646 3924 24)
674 3855 774 3925 ἐβόας
800 3856 840 3913 ἂν
867 3857 949 3917 τοὺς
977 3854 1108 3928 νόμους
1135 3861 1193 3911 καὶ
1220 3859 1325 3917 δεινὰ

175 3949 316 4012 ἐποίεις.

144 4047 211 4098 Tox.
231 4047 357 4113 33(235,
378 4050 421 4115 13)
441 4044 613 4116 ίβόαδὲὸ
635 4042 792 4120 Δημήτριος
811 4047 868 4098 καὶ
888 4045 983 4101 δεινὰ
1002 4047 1122 4105 ἐποίει.

178 4228 197 4291 ¹)
231 4230 320 4280 Allata
338 4231 446 4280 suntin
465 4229 515 4279 hac
532 4233 605 4294 purte
625 4229 704 4278 etium
721 4227 862 4292 nonnulle,
891 4227 988 4295 quibus
1006 4231 1141 4284 Lucienus
1163 4250 1216 4284 non
1236 4235 1326 4305 solue,

108 4313 155 4365 eed
172 4315 339 4379 potissimum
364 4318 404 4366 uti
424 4321 509 4377 emet,
534 4328 601 4377 quae
624 4327 685 4379 ergo
705 4313 845 4365 Toxeridie
864 4317 974 4382 scriptor
992 4335 1025 4369 ex
1044 4321 1101 4370 eine
1121 4321 1226 4387 scriptis
1246 4339 1326 4376 eum-

105 4399 193 4465 peieee
205 4398 318 4461 videtur,
338 4399 431 4450 deinde
448 4401 509 4463 ulie,
529 4413 596 4463 quae
609 4401 714 4452 omnino
727 4417 830 4467 perraro
844 4408 869 4454 et
881 4405 1022 4454 maximum
1033 4411 1134 4478 purtem
1147 4409 1217 4473 apud
1229 4417 1327 4476 poete-

97 4484 188 4536 ελοκω
203 4481 309 4534 demum
328 4487 469 4552 scriptores
487 4486 668 4540 inveniuntur.
