2856 4906
690 228 711 290 2

107 410 139 466 et
154 397 301 487 PyladeS,
323 396 399 463 illud
421 418 477 486 par
492 395 596 461 nobile
612 398 796 476 amicorum,
819 420 835 461 a
853 395 981 484 Scythis
997 397 1152 463 coleretur
1167 408 1198 464 et
1214 399 1315 466 Grae·

102 533 156 577 cos
185 506 391 598 vituperavit,
424 503 506 586 quod
539 504 637 570 verba
671 504 710 570 de
739 506 873 571 amicitia
902 507 1019 594 optime
1046 508 1197 586 lacerent,
1227 531 1260 572 re
1283 519 1316 573 et

100 620 232 684 veritate
248 614 326 680 viles
344 615 434 681 amici
451 624 725 702 cognoscerentur,
744 614 905 703 lllnesippo
921 617 1074 704 proponit,
1091 626 1123 680 ut
1141 618 1315 682 amicorum

101 730 149 792 sui
174 726 323 815 temporis
352 721 528 812 aequalium
561 725 698 812 quinque
720 726 805 813 paria
830 733 961 812 uterque
982 725 1133 814 proterat,
1160 749 1194 790 se
1217 728 1241 790 si
1267 727 1316 792 in-

103 839 229 902 teriores
253 835 447 925 produxerit,
476 833 616 898 dextram
642 834 697 898 sihi
721 835 874 921 amputari
896 856 1072 922 passurum.
1116 834 1206 901 Hanc
1229 846 1316 901 certe

104 946 288 1012 sententiam
323 934 505 1032 scriptorem
534 943 637 1008 verbis
667 943 832 1007 Toxaridis
860 944 955 1007 subici
983 941 1066 1007 velle
1095 967 1134 1008 ex
1162 966 1315 1033 responso

102 1053 254 1143 Mnesippi
278 1063 309 1118 et
331 1053 441 1132 exeis,
463 1073 543 1140 quae
566 1053 667 1141 capite
682 1049 813 1116 XXXV
838 1061 867 1115 et
888 1049 975 1115 LXll
1001 1051 1152 1132 dicuntur,
1175 1065 1316 1141 apparet,

104 1185 226 1229 revera
248 1186 284 1226 ea
311 1183 372 1226 non
390 1161 508 1225 subest.
545 1159 626 1226 Sunt
644 1162 725 1225 enim
745 1159 824 1225 haec
842 1159 982 1247 Scythae
998 1159 1094 1225 verba
1111 1161 1192 1249 [cX
1209 1163 1316 1251 extr.]:

28 1253 31 1258 .
108 1267 272 1357 ὁπότερος
289 1265 329 1337 dv
345 1269 380 1337 ἐν
399 1265 532 1348 τούτοις
555 1275 637 1350 (τοῖς
658 1268 847 1357 τῶνφίλων
869 1267 990 1356 ἔργοις)
1013 1275 1117 1360 κρατῇ
1138 1271 1195 1338 καί
1215 1267 1317 1355 ἆμεί-

106 1407 184 1460 νοις
216 1376 428 1470 παράσχηται
455 1379 533 1457 τοὺς
564 1377 698 1467 φίλους,
737 1377 837 1459 αὐτός
864 1405 900 1446 τε
930 1380 1105 1467 νενικηκώς
1132 1378 1225 1448 ἔσται
1259 1383 1318 1450 καὶ

106 1491 166 1580 την
187 1487 291 1559 αὑτοῦ
313 1485 530 1578 ἀνακηρύξει,
558 1485 736 1556 κάλλιστον
758 1485 872 1577 ἀγῶνα
894 1489 951 1556 καί
973 1487 1173 1573 σεμνότατον
1192 1486 1315 1578 ἀγωνι-

107 1596 265 1684 σοίμενος,
290 1595 336 1679 ὡς
354 1596 456 1687 ἔγωγε
474 1599 563 1667 πολὺ
579 1596 677 1687 ἥδιον
694 1591 735 1666 dia
752 1623 813 1682 μοι
833 1601 923 1666 δοκῶ
941 1590 1140 1682 μονομαχῶν
1155 1595 1316 1688 ἡττηθεὶς

113 1706 357 1797 ἀποτμηθῆναι
383 1709 443 1798 την
471 1704 601 1789 δεξιάν,
631 1704 714 1794 ὅπερ
740 1712 799 1795 τῆς
819 1713 989 1798 Σκυθικῆς
1016 1708 1187 1794 ἐπιτίμιόν
1214 1710 1317 1789 ἐστιν,

106 1815 130 1908 ἢ
149 1818 267 1907 χείρων
290 1812 395 1886 didon
420 1818 505 1886 κατὰ
523 1816 642 1908 φιλίαν
663 1816 852 1906 κεκρίσθαι,
953 1821 1051 1884 αιοίίο
1073 1841 1107 1883 se
1126 1819 1219 1906 igitur
1234 1819 1318 1898 dicit,

27 1972 30 1977 -
108 1928 164 1994 sibi
199 1930 368 1995 certamine
401 1926 550 2016 singulari
582 1929 667 1992 victo
700 1926 843 1992 dextram
877 1929 1047 2016 amputari,
1086 1952 1187 2014 ησσον.
1214 1953 1249 1993 sc
1283 1931 1316 1994 in

108 2039 240 2104 amicitia
264 2036 324 2101 alio
340 2037 480 2102 viliorem
502 2038 639 2114 iudicari,
662 2060 696 2101 se
719 2057 794 2102 vero
808 2038 925 2101 victum
950 2059 983 2100 re
1005 2059 1080 2101 vera
1102 2036 1131 2102 id
1154 2039 1217 2126 pati
1233 2037 1317 2105 velle

107 2169 169 2212 non
193 2145 273 2212 dicit.
318 2145 493 2212 Mirandum
520 2155 679 2235 praeterea
705 2153 769 2225 est,
798 2144 883 2233 quod
906 2145 1087 2236 hlnesippus
1115 2153 1318 2230 μονομαχεῖν

108 2277 197 2335 voce,
221 2277 302 2342 quae
325 2256 363 2320 de
386 2257 429 2320 eis
452 2265 573 2321 tantum
596 2263 772 2343 usurpatur,
795 2255 898 2341 quiin
921 2255 1070 2343 singulari
1092 2280 1197 2349 pugna
1221 2260 1316 2322 armis

107 2352 310 2444 contendunt,
332 2365 528 2453 propositum
552 2363 590 2429 de
605 2363 713 2428 anneis
737 2363 897 2449 utriusque
920 2367 1021 2452 gentis
1045 2376 1202 2431 certamen
1220 2368 1316 2455 signi·

107 2473 191 2540 licari
216 2471 380 2560 intellegit,
410 2473 593 2560 praesertim
620 2494 693 2537 eum
722 2471 751 2537 id
780 2495 819 2536 ne
845 2496 886 2537 ex
914 2474 962 2538 his
989 2475 1127 2563 quidem,
1155 2498 1235 2563 quae
1263 2497 1315 2540 se-

107 2593 260 2671 quuntur,
289 2576 335 2660 ὡς
358 2578 460 2668 ἔμισγε
565 2578 588 2669 ἢ
607 2579 725 2668 χείρων
753 2575 858 2650 ίίίίοο
880 2584 964 2651 κατὰ
986 2582 1105 2673 φιλίαν
1125 2583 1313 2674 κεκρίσθαι,

107 2714 190 2780 quae
221 2713 293 2756 cum
329 2689 584 2756 antecedentibus
605 2714 703 2779 prave
730 2692 895 2757 coniuncta
931 2703 1016 2774 sunt,
1047 2698 1180 2784 perspici
1206 2695 1316 2783 possit.

105 2796 180 2866 Non
202 2802 284 2867 enim
308 2798 346 2863 de
375 2820 411 2863 ea
436 2823 469 2864 re
491 2799 696 2888 disceptatur,
724 2811 804 2866 uter
826 2825 940 2867 currem
968 2805 1087 2869 amicus
1109 2804 1317 2892 praestantior

108 2910 162 2985 sit,
195 2908 250 2975 sed
280 2918 384 2973 utrum
407 2905 548 2992 Scythae
576 2909 708 2973 amicitia
738 2919 906 2997 praestent,
937 2934 975 2977 an
1004 2913 1131 2993 Graeci,
1165 2912 1316 2978 Toxarim

106 3019 214 3108 igitur,
243 3018 295 3105 qui
318 3015 456 3103 Scythas
479 3016 577 3082 multo
606 3015 760 3082 excellere
787 3020 905 3086 fortiter
925 3021 1097 3100 contendit,
1121 3023 1161 3086 ita
1185 3044 1316 3110 pergere

108 3127 259 3216 oportuit,
289 3134 338 3202 ut,
368 3123 462 3190 malle
484 3147 519 3190 se
541 3127 571 3191 in
592 3148 698 3214 pugna
720 3128 870 3216 singulari
893 3132 973 3196 vinci
1004 3139 1036 3194 et
1062 3130 1169 3194 dextra
1191 3130 1315 3217 privari,

109 3256 204 3322 quam
230 3234 261 3301 in
288 3233 350 3299 hoc
380 3233 418 3299 de
449 3235 556 3301 amicis
588 3237 757 3303 certamine
783 3242 939 3326 superari,
972 3239 1101 3320 diceret,
1133 3246 1189 3304 aut
1215 3233 1316 3303 simile

107 3341 230 3431 aliquid.

195 3451 261 3519 Sed
287 3475 349 3520 non
373 3455 475 3520 minus
503 3475 604 3543 sagax
626 3452 773 3534 Toxaris,
804 3479 889 3534 earn,
918 3479 1014 3544 quam
1042 3456 1172 3536 scriptor
1201 3453 1317 3543 dialogi

110 3558 194 3642 vult,
217 3563 403 3628 sententiam
425 3561 576 3653 Mnesippi
599 3563 702 3629 verbis
724 3562 855 3629 subesse
882 3561 1047 3650 intellegit,
1074 3583 1267 3650 quamquam
1288 3563 1317 3627 is

108 3691 236 3758 prorsus
264 3670 322 3736 alia
354 3672 480 3760 profert.
523 3670 606 3736 Nam
636 3671 686 3738 hic
713 3694 786 3739 cum
815 3696 849 3737 se
879 3694 1008 3737 causam
1032 3671 1224 3736 Graecorum
1252 3689 1317 3734 non

110 3778 329 3847 derelicturum
346 3803 416 3845 esse
431 3780 550 3860 dixerit,
571 3804 674 3869 neque
696 3780 915 3860 admissurum,
938 3790 972 3845 ut
992 3779 1168 3846 vadimonio
1191 3777 1317 3844 deserto

110 3910 219 3956 omnes
240 3886 352 3956 Graeci
375 3912 430 3979 per
451 3911 549 3959 unum
572 3886 712 3977 Scythen
739 3910 835 3955 causa
859 3888 987 3969 cadant,
1016 3892 1051 3955 td
1071 3889 1097 3952 si
1122 3889 1239 3952 lactum
1267 3889 1319 3968 sit,

107 3998 165 4065 sibi
177 3996 318 4089 linguam
334 3999 473 4065 exsecari
490 4019 624 4084 aequum
641 3998 716 4075 lore,
732 3995 881 4063 Toxaridi
895 4019 958 4064 nou
973 3995 1077 4063 solum
1092 3997 1319 4079 condicionem,

107 4129 204 4197 quam
226 4110 293 4198 ipse
316 4108 525 4196 proposuerit,
546 4106 700 4195 accipere,
724 4104 780 4170 sed
802 4107 895 4170 etiam
917 4105 979 4172 hoo
1001 4107 1104 4172 dicere
1125 4105 1257 4182 videtur,
1281 4128 1320 4175 se

107 4220 133 4286 si
155 4241 293 4287 causam
317 4217 521 4283 Graecorum
545 4212 728 4300 defendens
756 4224 922 4304 superatus
943 4218 996 4297 sit,
1025 4216 1153 4304 dignum
1176 4217 1319 4283 futurum

108 4351 194 4410 esse,
215 4329 269 4417 qui
291 4334 356 4390 tam
379 4324 475 4388 atroci
504 4345 606 4411 poena
629 4321 789 4389 afficiatur.
835 4323 899 4390 Sed
930 4348 970 4391 ne
998 4324 1059 4388 hoc
1085 4324 1211 4390 immani
1239 4346 1322 4393 con.-

107 4443 201 4502 vento
224 4444 308 4502 stare
322 4440 484 4522 cogantur,
500 4473 543 4484 -
562 4432 593 4499 id
615 4430 795 4522 neglegunt,
819 4433 904 4523 quod
927 4434 1100 4501 maximum
1115 4443 1173 4515 est,
1194 4433 1320 4503 nullum
