2856 4906
670 230 715 299 73

87 397 328 494 Παραδιδδναν
348 424 405 492 pro
426 397 611 486 ἐκμισθοῦν
626 400 678 467 vei
693 396 914 485 άπσμιοθσύν
934 399 984 482 (ει.
996 396 1088 467 ΡΙειυ
1101 420 1123 464 r.
1135 423 1166 490 p.
1179 400 1242 465 475
1254 401 1296 484 d.)

155 507 258 582 αὑτόν
283 537 351 580 τινι
377 510 553 600 significans
578 535 713 596 operam
739 534 836 578 assam
859 511 960 577 atieai
983 512 1094 578 laeare
1117 511 1200 590 (εἰσιν
1224 534 1298 579 uer·

152 625 283 708 δίυρενν)
312 624 341 689 iu
365 620 521 687 Taxaride
549 621 653 688 solum
686 623 722 689 18
742 622 837 704 (228,
854 620 930 704 37),
957 619 1103 704 31(234,
1126 621 1181 704 16)
1209 618 1296 684 vide-

152 740 202 798 tur
229 731 300 820 tegi.

87 843 212 933 Παραλ
216 836 378 927 αμβάνειν
400 842 442 906 24
456 841 541 924 (232,
559 834 632 926 1)“
610 869 651 932 ην
673 837 819 912 aridi...
841 835 1029 932 ἦξίωσεν”
1005 869 1046 910 αν
1066 864 1119 922 τις
1141 840 1297 931 παραλα-

151 959 222 1038 βεῖν
243 953 360 1019 dictum
378 961 426 1018 εει
442 972 497 1040 pro
514 944 663 1039 άγεσθαι
681 961 838 1033 (texerem
854 956 984 1031 draeere,
1000 950 1118 1019 Herod.
1129 947 1159 1016 V
1160 951 1263 1034 ,923
1273 949 1297 1017 2

152 1056 270 1152 ἤγοντο
292 1058 331 1144 ἒξ
351 1057 532 1150 ἀλλήλων),
561 1064 743 1153 saepissime
765 1085 841 1128 vera
866 1061 996 1129 verbum
1018 1056 1296 1150 παραλαμβάνειν

149 1174 179 1240 id
202 1173 378 1264 significare
399 1170 557 1237 contendit
576 1170 744 1240 lacebitius
768 1184 799 1240 et
820 1174 974 1264 inspicere
1000 1171 1086 1237 iubet
1109 1170 1166 1238 Ev.
1188 1170 1296 1238 ttauh.

155 1286 248 1364 1,211;
271 1282 311 1348 ibi
327 1291 432 1348 tamen
455 1280 535 1348 haee
556 1281 715 1372 leguntur:
738 1283 783 1372 μν)
808 1285 969 1374 φοβηθῇς
989 1283 1199 1372 παραλαβεῖν
1213 1286 1296 1350 Μα-

151 1393 233 1482 ριάμ
255 1392 315 1484 τὴν
336 1388 473 1483 γυναῖκά
500 1416 576 1476 σου,
605 1394 730 1459 minime
752 1395 844 1482 igitur
867 1414 904 1458 εο
927 1391 997 1457 loeo
1021 1386 1298 1483 παραλαμβάνειν

151 1503 237 1569 vaiet
253 1529 395 1572 risorem
412 1508 542 1584 ducere,
563 1504 617 1568 sed
634 1506 767 1571 demam
784 1486 941 1588 resipere,
956 1513 990 1569 ut
1001 1501 1081 1570 Tim.
1098 1501 1298 1588 irrumet

151 1623 181 1678 et
197 1612 312 1678 Herod.
325 1611 378 1694 IV,
393 1616 462 1680 155.
498 1611 606 1704 ltaque
628 1635 748 1693 vereor,
771 1636 810 1679 ae
832 1615 862 1678 in
879 1612 1036 1679 Toxaride
1058 1610 1162 1679 salum
1183 1610 1235 1678 iiia
1257 1613 1298 1678 sit

150 1719 430 1812 παραλαμβάνειν
452 1724 537 1791 verbi
562 1723 754 1813 significatio.

85 1827 278 1922 Προσάγειν
299 1836 336 1898 ur
354 1835 438 1917 (242,
449 1835 502 1919 22)
527 1857 583 1926 pro
605 1831 843 1928 προσάγεσθαι
867 1835 985 1901 dietum
1009 1842 1064 1900 est.
1105 1832 1154 1898 Cf.
1175 1857 1206 1924 p.
1220 1835 1270 1898 70.

86 1942 262 2011 Σινδιανοί
283 1966 338 2032 pro
362 1947 486 2011 nomine
510 1946 595 2035 quud
617 1955 666 2012 εει
686 1943 805 2015 Σινδοί
825 1947 867 2012 55
883 1946 968 2028 (244,
983 1945 1048 2031 20).
1287 1954 1290 1959 ’

86 2054 327 2140 Συλλογιμαῖοι
359 2055 513 2138 19(229,
536 2056 590 2139 14)
618 2076 674 2144 pro
705 2077 784 2120 vace
818 2077 899 2143 quae
929 2062 977 2119 est
1004 2051 1199 2142 σύγκλυδες,
1233 2079 1296 2146 qua

152 2172 280 2230 utuntur

156 2277 341 2344 Thucyd.V1t‚
354 2277 372 2331 5
391 2286 466 2343 exta,
485 2280 561 2332 Plato
573 2295 627 2346 rep.
639 2281 709 2342 Viii,
718 2278 769 2332 569
779 2296 801 2330 ε.
812 2280 954 2330 Herodian.
966 2278 991 2344 7,
1003 2278 1028 2344 ’1,
1041 2279 1135 2344 1(115,
1146 2280 1297 2349 2333111),

191 2373 224 2422 ei.
243 2373 309 2425 Lue.
328 2374 405 2426 Alex.
427 2375 461 2428 16
480 2376 521 2439 (11,
542 2373 584 2437 77,
605 2373 658 2438 17),
678 2375 709 2426 de
728 2391 805 2426 merc.
825 2375 900 2426 eund.
922 2373 957 2426 24
976 2371 1046 2438 (134,
1066 2373 1120 2440 34).

156 2465 242 2519 Beki.
262 2468 351 2522 anecd.
370 2468 413 2531 64,
433 2470 462 2522 8:
483 2465 644 2538 σύγκλυδες,
664 2465 802 2521 σύλλεκτοι
824 2470 871 2520 καὶ
890 2464 1076 2521 παντοδαποί.

157 2562 275 2629 Hesyeh.
295 2559 461 2631 σύγκλυδες·
483 2561 622 2618 aritiam«
643 2558 658 2630 ἦ
677 2581 746 2623 τινες
763 2566 941 2634 μεμιγμένον.

156 2655 317 2709 Beehmann.
331 2661 421 2712 anecd.
434 2662 505 2714 Part.
520 2663 529 2712 1
543 2677 568 2728 p.
580 2659 632 2714 372
650 2677 722 2713 num.
736 2659 783 2712 28:
804 2654 968 2726 σύγκλυδες·
988 2653 1147 2728 σύμμικτον,
1167 2654 1297 2723 &nutrirat

191 2753 346 2818 explicatur.
384 2756 423 2807 Oi.
444 2756 517 2807 fluia.
536 2772 558 2807 s.
578 2752 742 2822 συγκλύδων
760 2749 928 2824 ἀνθρώπων.

84 2836 268 2927 Στιβάδιον
293 2845 330 2909 31
352 2845 446 2928 (234,
464 2846 538 2930 23),
566 2848 759 2926 stibadium,
789 2846 1013 2936 1εοιο1υερεο
1042 2865 1123 2910 vaae
1145 2865 1227 2935 quae
1250 2853 1299 2910 est

148 2949 280 3040 στιβάς,
312 2965 422 3038 torus,
456 2967 682 3024 stramentum
710 2965 888 3047 usurpatur.
943 2952 992 3021 Cf.
1015 2952 1094 3020 thes.
1117 2953 1227 3044 steph.
1250 2953 1297 3020 ed.

152 3061 247 3128 Paris.
281 3061 383 3131 Etiam
407 3064 467 3132 aiia
491 3067 681 3132 deminutiva
705 3087 764 3130 aee
784 3065 989 3155 contemptim
1004 3085 1063 3132 nee
1077 3061 1191 3130 blande
1205 3084 1298 3130 usur·

149 3181 224 3261 puta
246 3171 393 3262 leguntur
416 3177 445 3241 in
469 3175 644 3257 Taxaride,
667 3184 701 3242 ut
722 3170 862 3261 γύναιον
888 3173 1028 3257 13(226,
1042 3175 1113 3259 29),
1136 3180 1167 3240 ει
1188 3168 1297 3262 θυγά-

148 3307 241 3369 τριον
263 3283 305 3348 22
318 3283 402 3369 (230,
415 3284 478 3368 34).
1303 3328 1307 3336 ·

84 3391 360 3482 Προδιαβάλλειν
383 3394 536 3486 significat
562 3398 592 3464 in
616 3396 773 3463 Taxaride
796 3397 838 3462 34
856 3395 942 3477 (235,
958 3393 1014 3476 28)
1037 3404 1139 3461 antea
1162 3394 1307 3479 inritau-¹

149 3506 236 3585 lare,
263 3515 363 3571 antea
386 3506 479 3594 falso
503 3510 727 3593 exprobrare,
762 3529 835 3575 eum
858 3526 934 3571 vera
958 3504 1043 3572 verbi
1066 3504 1113 3570 vis
1134 3506 1174 3570 sit
1195 3492 1301 3573 anteit

149 3617 359 3694 calumniari,
383 3619 618 3687 calumniando
641 3629 865 3688 antevertere.

89 3727 270 3815 Τακερύς)
292 3727 319 3792 is
343 3730 395 3817 qui
418 3737 503 3794 amet
525 3731 555 3794 in
571 3727 730 3797 Taxaride
751 3738 874 3796 tantum
895 3735 926 3792 ει
945 3725 1149 3792 tumidissime
1172 3727 1298 3816 quidem

84 3848 285 3860 ...--—---.-

151 3888 179 3955 .¹)
199 3890 285 3941 Aliter
303 3887 415 3961 τακερόε
434 3908 450 3942 ε
467 3892 587 3967 Lucieno
611 3891 861 3962 οειεμ1.5(328,7)
884 3899 1039 3961 usurpatum
1064 3899 1118 3956 est,
1144 3906 1203 3943 eum
1227 3892 1297 3944 enim

82 3979 122 4032 ibi
139 3978 259 4030 homines
284 3977 428 4044 decrepitos
446 3980 594 4032 Mercurius
616 3996 675 4032 eum
699 3981 821 4047 frugibus
840 3981 950 4033 maturis
972 3985 1118 4049 comparet,
1144 3985 1176 4031 ut
1193 3981 1245 4032 ium
1263 3997 1296 4032 ex

82 4066 172 4118 verbis
193 4059 363 4133 ,καθ’δρον
380 4069 596 4139 τετρυγημέυοδ*
613 4075 699 4139 patet,
722 4070 834 4138 propriis
853 4068 958 4136 frugum
984 4072 1144 4121 maturarum
1162 4068 1296 4121 attributis

19 4158 22 4162 “
82 4156 178 4216 utitur3
198 4153 245 4207 sed
263 4153 327 4220 quis
344 4169 397 4205 non
416 4161 478 4220 apta
495 4158 583 4224 imago
602 4162 651 4222 est,
670 4173 701 4208 eo
713 4158 751 4222 fit,
771 4163 801 4209 ut
814 4172 874 4208 eum
885 4159 975 4224 fruges
986 4162 1102 4208 maturas
1116 4157 1187 4209 dieat
1202 4157 1295 4211 molles

82 4248 161 4308 atque
180 4256 303 4293 sueeosas
322 4241 402 4305 (hene
420 4243 489 4293 enim
507 4243 546 4294 ibi
564 4247 618 4297 rim
637 4241 750 4314 σακερὸς
768 4245 857 4309 habet)
876 4244 942 4297 haee
960 4246 988 4296 in
1007 4259 1081 4295 senes
1096 4259 1149 4294 non
1160 4243 1295 4309 quadrent.

84 4330 169 4392 Quam
191 4329 225 4382 ab
243 4345 298 4380 rem
320 4330 422 4380 ironice
440 4331 463 4380 ei
483 4334 628 4384 assentiens
648 4333 734 4384 Charo
756 4334 883 4384 exlamut·
909 4329 942 4397 νὴ
962 4327 1009 4383 Δι
1018 4329 1079 4382 ἔπει
1096 4324 1247 4399 ἀσταφίδες
1264 4337 1309 4401 γε·

84 4412 184 4472 πάντες
208 4408 260 4481 ἤδη
285 4418 356 4470 εισιν
381 4418 491 4481 (meiner
508 4418 606 4481 Treae,
632 4419 666 4471 da
683 4422 722 4472 sie
741 4421 793 4472 alle
811 4437 858 4488 gar
876 4419 957 4472 sehon
975 4419 1092 4471 Rasinea
1114 4418 1195 4484 sind).
1236 4420 1307 4497 itari¹¹

82 4508 154 4555 reate
178 4502 261 4570 igitur
289 4506 317 4557 ia
342 4504 694 4573 steph.thss.sd.1’aris.
720 4508 796 4562 loeas
820 4506 983 4573 explicatur,
1014 4521 1075 4561 eum
1103 4506 1136 4560 ie
1160 4506 1308 4571 adiuuem
