2856 4906
696 242 741 316 ²5

104 420 300 508 slstopdvo·
332 425 395 512 τῆς
421 421 486 507 μὲν
512 420 576 510 γὰρ
608 417 734 511 ἡμέρας
767 417 787 491 ὃ
815 421 932 504 κλοιὸς
958 414 1053 512 ἤρκει
1085 421 1142 490 καὶ
1173 415 1195 511 ἦ
1222 417 1322 512 ἑτέρα

103 535 176 624 χεὶρ
198 531 415 623 πεπεδημένη
547 543 580 598 et
601 554 628 599 c.
645 530 774 600 XXXll
794 534 889 615 (234,
911 532 1082 620 32-34):
1118 535 1219 601 τοῦτο
1242 536 1322 621 γοῦν

105 642 321 734 ἐξειργάσατο
350 693 444 712 ....
473 639 544 713 ὑπὸ
573 647 619 735 τῷ
654 641 743 734 αὐτῷ
768 645 873 734 κλοιῷ
900 642 1077 713 δεδέσθαι.
1128 643 1220 729 Quae
1246 664 1321 711 cum

105 758 149 823 ita
166 758 233 838 sint,
257 758 310 846 qui
326 754 389 820 lieri
410 765 543 845 poterat,
565 765 600 822 ut
616 753 750 822 lacobus
773 756 910 837 κλοιούς
930 753 1075 838 „vincum
1095 774 1209 821 manus
1227 761 1322 844 atque

107 867 205 957 pedes
229 867 491 955 constringentia“
512 882 584 932 esse
604 864 751 957 putaret?
783 865 859 932 vidit
881 864 1008 946 seilicet,
1030 886 1224 955 quamquam
1246 862 1325 931 alio·

111 977 164 1066 qui
180 998 242 1042 non
264 977 342 1043 mire
357 985 470 1043 acutus
492 985 550 1058 est,
573 975 634 1043 hoc
653 974 776 1057 saltem,
798 998 860 1043 nou
882 996 977 1066 posse
993 976 1131 1067 cogitari,
1152 978 1196 1043 ita
1211 985 1323 1043 catena

108 1110 166 1178 per
185 1085 313 1153 collaria
329 1088 457 1153 traiecta
473 1087 615 1153 homiues
636 1087 768 1152 insertos
785 1087 889 1167 luisse,
912 1095 948 1152 ut
968 1085 1068 1152 lineae
1084 1088 1323 1176 margaritarum

109 1198 247 1288 speciem
267 1196 468 1286 praeberent,
500 1200 682 1286 praesertim
705 1218 779 1264 cum
802 1206 866 1262 tam
882 1194 973 1263 multi
994 1197 1024 1262 in
1042 1218 1202 1264 carcerem
1223 1198 1325 1265 coacti

111 1308 211 1373 luisse
233 1306 390 1388 dicantur,
417 1314 454 1371 ut
475 1308 529 1374 vix
550 1311 704 1400 respirare
725 1319 864 1399 possent.
908 1308 950 1374 At
971 1306 1078 1374 videre
1098 1305 1174 1374 illud
1198 1330 1326 1398 qnoque

108 1414 258 1498 debebat,
287 1418 380 1484 edam
401 1418 536 1487 formam
560 1421 694 1486 carceris
718 1441 736 1484 a
759 1441 795 1484 se
816 1418 1006 1509 descriptam
1027 1420 1164 1508 ineptam
1186 1439 1272 1499 esse,
1293 1426 1326 1486 et

106 1529 151 1594 ita
176 1531 253 1594 daret
275 1525 371 1617 longo
395 1528 502 1594 ordine
524 1531 646 1596 vinctos
667 1552 772 1621 posse,
794 1539 829 1596 ut
849 1552 962 1596 manus
983 1552 1093 1597 eorum
1115 1526 1165 1594 vel
1181 1529 1326 1596 manicas

111 1639 167 1703 uni
194 1646 327 1703 catenae
354 1635 500 1729 alligatae
522 1648 641 1722 essent,
673 1662 712 1706 ne
740 1641 892 1731 aulugere
922 1649 1068 1730 possent3
1100 1636 1327 1730 permultorum

110 1768 188 1813 vero
210 1746 374 1814 lrominum
396 1750 427 1816 in
451 1772 549 1816 unum
565 1770 724 1817 carcerem
745 1759 929 1818 coactorum
945 1753 1085 1817 manicas
1107 1772 1211 1840 neque
1231 1769 1328 1839 posse

107 1857 161 1923 uni
188 1865 322 1926 catenae
347 1861 455 1944 inseri,
482 1883 585 1950 neque
612 1884 684 1928 esse
710 1884 856 1942 causam,
888 1884 944 1928 cur
969 1859 1001 1927 id
1032 1858 1128 1926 fieret
1171 1857 1236 1926 Sed
1262 1860 1326 1926 iam

108 1970 278 2060 quaeritur,
301 1971 374 2060 quid
396 1972 586 2062 permoverit
602 1971 766 2039 Taxaridis
789 1974 972 2063 scriptorem
994 1980 1030 2037 ut
1046 1969 1131 2037 hunc
1152 1969 1327 2038 mirabilem

109 2102 269 2147 carcerem
305 2080 522 2172 excogitaret?
569 2083 668 2172 llagis
702 2081 822 2149 scilicet
852 2081 1011 2149 mirandos
1044 2105 1140 2173 quam
1162 2081 1329 2149 Socratem

110 2190 287 2259 describere
310 2189 410 2258 voluit
427 2191 625 2259 Demetrium
647 2202 742 2281 atque
764 2191 970 2283 Antiphilam,
992 2193 1108 2284 quippe
1130 2195 1192 2283 qui,
1215 2214 1328 2284 quam-

109 2326 270 2395 quamne
295 2304 401 2393 patriis
429 2301 554 2392 legibus
583 2303 723 2392 quidem·
737 2302 872 2369 damnati
901 2312 1002 2383 erant,
1029 2311 1133 2369 tamen
1161 2305 1328 2370 occasione

110 2415 185 2483 data
208 2438 250 2482 ex
270 2413 403 2482 vinculis
426 2414 537 2502 lugere
559 2412 686 2481 nollent.
729 2411 856 2504 Duplici
879 2422 985 2480 autem
1006 2413 1102 2481 modo
1131 2415 1157 2481 ci
1184 2414 1271 2481 licuit
1297 2392 1351 2483 id·

111 2526 196 2616 qttod
225 2524 388 2615 spectabat
415 2523 548 2590 efficere.
591 2523 700 2591 Potuit
731 2524 814 2590 enim
842 2527 887 2592 sic
919 2524 1129 2592 narrationem
1158 2526 1329 2608 instituere,

111 2644 148 2702 ut
163 2637 281 2702 catenis
303 2657 366 2701 non
381 2635 476 2701 vincti
493 2636 593 2715 amici,
616 2635 750 2701 carceris
773 2632 916 2700 claustris
940 2635 980 2702 ab
997 2633 1074 2717 aliis,
1098 2637 1232 2726 quiana
1254 2657 1329 2703 cum

111 2745 157 2811 cis
179 2745 210 2811 in
234 2744 376 2811 custodia
400 2754 513 2823 essent,
535 2745 691 2825 refractis,
718 2745 828 2834 lugere
847 2754 991 2835 possent3
1016 2753 1084 2811 tum
1105 2768 1264 2814 veronen
1286 2746 1329 2814 ita

110 2854 238 2924 excelsa
275 2855 433 2922 videretur
467 2878 539 2922 esse
573 2855 725 2922 Demetrii
760 2857 1001 2947 magnanimitas
1033 2894 1076 2908 -
1107 2857 1211 2924 minus
1247 2858 1330 2924 enim

111 2967 223 3034 duram
250 2965 428 3033 molestiam
456 2965 496 3031 ad
524 2967 662 3033 amicum
689 2964 920 3032 sublevandum
948 2968 1203 3058 suscepisset-
1225 2986 1330 3058 neque

111 3075 312 3168 splendidum
342 3076 418 3144 illud
453 3077 523 3143 addi
556 3077 725 3167 potuisset,
759 3098 833 3140 eum
863 3076 970 3141 multis
1007 3077 1153 3168 precibus
1184 3079 1239 3143 vix
1271 3078 1331 3143 im·

111 3197 268 3279 petrasse,
296 3197 331 3252 ut
357 3210 432 3253 cum
456 3187 557 3254 amico
585 3186 697 3253 eodem
724 3184 831 3252 collari
858 3186 1035 3254 vinciretur.
1079 3186 1208 3256 Catenis
1237 3187 1332 3276 igitur

113 3296 153 3363 ad
175 3318 242 3363 rem
264 3295 431 3387 magnifice
453 3297 660 3363 enarrandam
683 3319 764 3386 opus
787 3298 814 3363 ei
837 3319 908 3364 esse
930 3297 1103 3367 videbatur.
1149 3297 1233 3366 Cum
1254 3320 1330 3364 vero

113 3409 155 3487 ei,
183 3407 236 3498 qui
265 3406 376 3498 lugere
398 3409 567 3474 occasione
597 3406 669 3473 data
692 3406 804 3488 nolint,
835 3408 964 3476 consilia
993 3430 1068 3475 cum
1090 3407 1158 3475 aliis
1184 3409 1259 3475 inire
1290 3407 1330 3476 ad

112 3527 241 3586 catenas
264 3519 474 3609 rumpendas,
500 3519 635 3585 carceris
659 3515 796 3584 claustra
823 3519 1035 3610 refringenda‚
1065 3519 1214 3587 custodes
1235 3519 1331 3586 inter·

112 3630 262 3697 liciendos
284 3628 359 3717 fingi
381 3652 443 3696 non
465 3630 601 3720 possint,
630 3626 719 3719 quid,
747 3629 773 3694 si
795 3628 909 3719 singuli
937 3629 1067 3718 singulis
1095 3631 1213 3698 catenis
1235 3630 1329 3698 vincti

114 3738 260 3821 luissent,
294 3739 492 3807 verisimilius
521 3747 601 3820 erat,
637 3761 733 3830 qnam
763 3761 850 3820 cum,
884 3740 935 3829 qui
963 3738 1070 3807 limam
1096 3749 1208 3807 nactus
1237 3748 1330 3825 esset,

115 3847 346 3918 coniuratorum
370 3861 493 3918 tantum
523 3847 646 3916 vincula
677 3849 900 3932 dissecturum,
927 3858 1022 3941 atque
1050 3851 1191 3917 cumeis
1221 3851 1330 3940 elingi-

114 3970 231 4040 turum,
253 3980 355 4048 neque
377 3946 504 4054 tempus
519 3969 781 4050 consumpturum
804 3961 901 4026 luisse
921 3961 951 4027 in
974 3982 1084 4027 eorum
1101 3959 1234 4029 vinculis
1255 3959 1329 4026 lima

114 4067 323 4151 dissecandis,
357 4073 408 4160 qui
437 4071 639 4139 consiliorum
667 4070 833 4160 participes
860 4093 922 4136 non
955 4081 1060 4138 essent
1091 4094 1194 4162 neque
1221 4072 1331 4158 lugere

114 4181 258 4248 vellent?
303 4178 389 4247 Fecit
411 4204 485 4272 ergo
510 4184 640 4273 scriptor
656 4188 800 4248 catenam
814 4201 871 4270 per
892 4182 1040 4264 omnium,
1065 4185 1117 4272 qui
1139 4184 1169 4248 in
1189 4177 1331 4248 custodia

116 4302 217 4375 erant,
245 4291 372 4360 collaria
400 4292 548 4358 insertam
570 4315 655 4375 esse,
684 4300 779 4382 atque
803 4314 961 4359 carcerem
983 4291 1087 4373 finxit,
1117 4293 1170 4384 qui
1192 4290 1231 4357 ad
1254 4311 1331 4358 con·-

116 4401 219 4469 silium
248 4425 341 4469 suum
365 4402 545 4494 aptissimus
569 4411 666 4484 esset,
697 4414 890 4470 reiterans
916 4403 1046 4493 cogitari
1070 4401 1195 4494 quidem
1217 4411 1330 4494 potest.

120 4513 223 4604 Atque
238 4513 286 4579 ¹ita
308 4536 351 4580 ex
371 4511 432 4581 hac
454 4513 549 4580 etiam
571 4512 808 4593 narratoueid,
831 4511 916 4603 quod
939 4532 1033 4601 supra
1055 4514 1245 4594 memoravi,
1260 4536 1332 4599 oec-
