<?xml version="1.0" encoding="UTF-8"?>
<!DOCTYPE html PUBLIC "-//W3C//DTD XHTML 1.0 Transitional//EN"
    "http://www.w3.org/TR/xhtml1/DTD/xhtml1-transitional.dtd">
<html xmlns="http://www.w3.org/1999/xhtml" xml:lang="en" lang="en">
 <head>
  <title>
</title>
<meta http-equiv="Content-Type" content="text/html;charset=utf-8" />
  <meta name='ocr-system' content='tesseract 3.04.00' />
  <meta name='ocr-capabilities' content='ocr_page ocr_carea ocr_par ocr_line ocrx_word'/>
</head>
<body>
  <div class='ocr_page' id='page_1' title='image "./desubditoquiint00guttgoog_0098.png"; bbox 0 0 2856 4906; ppageno 0'>
   <div class='ocr_carea' id='block_1_1' title="bbox 697 158 741 224">
    <p class='ocr_par' dir='ltr' id='par_1_1' title="bbox 697 158 741 224">
     <span class='ocr_line' id='line_1_1' title="bbox 697 158 741 224; baseline 0 0"><span class='ocrx_word' id='word_1_1' title='bbox 697 158 741 224; x_wconf 88' lang='grc'><strong>87</strong></span> 
     </span>
    </p>
   </div>
   <div class='ocr_carea' id='block_1_2' title="bbox 98 325 1412 3394">
    <p class='ocr_par' dir='ltr' id='par_1_2' title="bbox 98 325 1412 3063">
     <span class='ocr_line' id='line_1_2' title="bbox 196 325 1327 419; baseline 0.004 -23"><span class='ocrx_word' id='word_1_2' title='bbox 196 327 298 398; x_wconf 92' lang='lat' dir='ltr'><strong>Porro</strong></span> <span class='ocrx_word' id='word_1_3' title='bbox 327 330 396 419; x_wconf 90' lang='lat' dir='ltr'><strong>quis</strong></span> <span class='ocrx_word' id='word_1_4' title='bbox 420 327 563 396; x_wconf 86' lang='lat' dir='ltr'><strong>Rhodius</strong></span> <span class='ocrx_word' id='word_1_5' title='bbox 594 325 734 417; x_wconf 77' lang='lat' dir='ltr'>sophista</span> <span class='ocrx_word' id='word_1_6' title='bbox 756 327 862 409; x_wconf 90' lang='lat' dir='ltr'><strong>luerit,</strong></span> <span class='ocrx_word' id='word_1_7' title='bbox 890 328 916 395; x_wconf 88' lang='lat' dir='ltr'><strong>si</strong></span> <span class='ocrx_word' id='word_1_8' title='bbox 939 327 1066 417; x_wconf 91' lang='lat' dir='ltr'><strong>quidem</strong></span> <span class='ocrx_word' id='word_1_9' title='bbox 1087 352 1239 419; x_wconf 87' lang='lat' dir='ltr'><strong>umquam</strong></span> <span class='ocrx_word' id='word_1_10' title='bbox 1261 332 1327 416; x_wconf 90' lang='lat' dir='ltr'><strong>luit,</strong></span> 
     </span>
     <span class='ocr_line' id='line_1_3' title="bbox 112 437 1326 530; baseline 0.001 -22"><span class='ocrx_word' id='word_1_11' title='bbox 112 441 259 530; x_wconf 84' lang='lat' dir='ltr'><strong>equidem</strong></span> <span class='ocrx_word' id='word_1_12' title='bbox 281 440 470 528; x_wconf 87' lang='lat' dir='ltr'><strong>investigare</strong></span> <span class='ocrx_word' id='word_1_13' title='bbox 492 461 556 507; x_wconf 92' lang='lat' dir='ltr'><strong>non</strong></span> <span class='ocrx_word' id='word_1_14' title='bbox 577 437 681 528; x_wconf 92' lang='lat' dir='ltr'><strong>potui,</strong></span> <span class='ocrx_word' id='word_1_15' title='bbox 712 438 895 525; x_wconf 89' lang='lat' dir='ltr'><strong>praesertim</strong></span> <span class='ocrx_word' id='word_1_16' title='bbox 925 461 999 506; x_wconf 91' lang='lat' dir='ltr'><strong>cum</strong></span> <span class='ocrx_word' id='word_1_17' title='bbox 1029 462 1068 504; x_wconf 92' lang='lat' dir='ltr'><strong>ne</strong></span> <span class='ocrx_word' id='word_1_18' title='bbox 1096 437 1173 506; x_wconf 93' lang='lat' dir='ltr'><strong>illud</strong></span> <span class='ocrx_word' id='word_1_19' title='bbox 1201 441 1326 529; x_wconf 91' lang='lat' dir='ltr'><strong>quidem</strong></span> 
     </span>
     <span class='ocr_line' id='line_1_4' title="bbox 111 546 1326 644; baseline 0.004 -28"><span class='ocrx_word' id='word_1_20' title='bbox 111 559 229 640; x_wconf 88' lang='lat' dir='ltr'><strong>pateat,</strong></span> <span class='ocrx_word' id='word_1_21' title='bbox 252 559 359 616; x_wconf 88' lang='lat' dir='ltr'><strong>utrum</strong></span> <span class='ocrx_word' id='word_1_22' title='bbox 375 547 517 615; x_wconf 86' lang='lat' dir='ltr'><strong>Rhodius</strong></span> <span class='ocrx_word' id='word_1_23' title='bbox 541 549 616 616; x_wconf 86' lang='lat' dir='ltr'><strong>civis</strong></span> <span class='ocrx_word' id='word_1_24' title='bbox 640 570 680 612; x_wconf 90' lang='lat' dir='ltr'><strong>an</strong></span> <span class='ocrx_word' id='word_1_25' title='bbox 702 570 817 613; x_wconf 93' lang='lat' dir='ltr'><strong>nomen</strong></span> <span class='ocrx_word' id='word_1_26' title='bbox 834 549 861 613; x_wconf 92' lang='lat' dir='ltr'><strong>ei</strong></span> <span class='ocrx_word' id='word_1_27' title='bbox 877 546 1002 614; x_wconf 87' lang='lat' dir='ltr'><strong>Rhodio</strong></span> <span class='ocrx_word' id='word_1_28' title='bbox 1018 549 1116 614; x_wconf 89' lang='lat' dir='ltr'><strong>luerit.</strong></span> <span class='ocrx_word' id='word_1_29' title='bbox 1154 553 1326 644; x_wconf 75' lang='grc' dir='ltr'><em>Σοφιστὴς</em></span> 
     </span>
     <span class='ocr_line' id='line_1_5' title="bbox 114 658 1326 752; baseline 0.003 -26"><span class='ocrx_word' id='word_1_30' title='bbox 114 660 154 749; x_wconf 89' lang='lat' dir='ltr'><strong>[c.</strong></span> <span class='ocrx_word' id='word_1_31' title='bbox 166 661 209 726; x_wconf 84' lang='lat'><strong>27</strong></span> <span class='ocrx_word' id='word_1_32' title='bbox 222 661 309 747; x_wconf 84' lang='lat'><strong>(232,</strong></span> <span class='ocrx_word' id='word_1_33' title='bbox 320 659 388 749; x_wconf 78' lang='grc'>40)]</span> <span class='ocrx_word' id='word_1_34' title='bbox 411 668 516 727; x_wconf 87' lang='lat' dir='ltr'><strong>autem</strong></span> <span class='ocrx_word' id='word_1_35' title='bbox 538 668 666 726; x_wconf 91' lang='lat' dir='ltr'><strong>nonest</strong></span> <span class='ocrx_word' id='word_1_36' title='bbox 686 659 911 750; x_wconf 70' lang='lat' dir='ltr'>praestigiator,</span> <span class='ocrx_word' id='word_1_37' title='bbox 935 668 970 724; x_wconf 93' lang='lat' dir='ltr'><strong>ut</strong></span> <span class='ocrx_word' id='word_1_38' title='bbox 992 658 1102 726; x_wconf 91' lang='lat' dir='ltr'><strong>volunt</strong></span> <span class='ocrx_word' id='word_1_39' title='bbox 1124 662 1326 752; x_wconf 70' lang='lat' dir='ltr'><strong>interpretum</strong></span> 
     </span>
     <span class='ocr_line' id='line_1_6' title="bbox 114 767 1325 861; baseline 0.003 -24"><span class='ocrx_word' id='word_1_40' title='bbox 114 769 252 861; x_wconf 84' lang='lat' dir='ltr'><strong>plurimi,</strong></span> <span class='ocrx_word' id='word_1_41' title='bbox 281 772 383 861; x_wconf 89' lang='lat' dir='ltr'><strong>inepte</strong></span> <span class='ocrx_word' id='word_1_42' title='bbox 410 772 492 837; x_wconf 87' lang='lat' dir='ltr'><strong>eninr</strong></span> <span class='ocrx_word' id='word_1_43' title='bbox 522 769 676 835; x_wconf 85' lang='lat' dir='ltr'><strong>diceretur</strong></span> <span class='ocrx_word' id='word_1_44' title='bbox 704 767 885 834; x_wconf 88' lang='lat' dir='ltr'><strong>Demetrius</strong></span> <span class='ocrx_word' id='word_1_45' title='bbox 913 771 1151 861; x_wconf 91' lang='lat' dir='ltr'><strong>praestigiatore</strong></span> <span class='ocrx_word' id='word_1_46' title='bbox 1179 773 1258 840; x_wconf 92' lang='lat' dir='ltr'><strong>duce</strong></span> <span class='ocrx_word' id='word_1_47' title='bbox 1285 773 1325 840; x_wconf 88' lang='lat' dir='ltr'><strong>ad</strong></span> 
     </span>
     <span class='ocr_line' id='line_1_7' title="bbox 113 878 1326 972; baseline 0.004 -27"><span class='ocrx_word' id='word_1_48' title='bbox 113 881 260 946; x_wconf 91' lang='lat' dir='ltr'><strong>virtutem</strong></span> <span class='ocrx_word' id='word_1_49' title='bbox 291 879 376 947; x_wconf 90' lang='lat' dir='ltr'><strong>illam</strong></span> <span class='ocrx_word' id='word_1_50' title='bbox 410 878 624 947; x_wconf 82' lang='lat' dir='ltr'><strong>admirabilem</strong></span> <span class='ocrx_word' id='word_1_51' title='bbox 656 880 830 945; x_wconf 90' lang='lat' dir='ltr'><strong>institutum</strong></span> <span class='ocrx_word' id='word_1_52' title='bbox 861 901 949 960; x_wconf 92' lang='lat' dir='ltr'><strong>esse,</strong></span> <span class='ocrx_word' id='word_1_53' title='bbox 981 903 1084 970; x_wconf 92' lang='lat' dir='ltr'><strong>neque</strong></span> <span class='ocrx_word' id='word_1_54' title='bbox 1118 879 1222 947; x_wconf 92' lang='lat' dir='ltr'><strong>solum</strong></span> <span class='ocrx_word' id='word_1_55' title='bbox 1254 893 1326 972; x_wconf 92' lang='lat' dir='ltr'><strong>post</strong></span> 
     </span>
     <span class='ocr_line' id='line_1_8' title="bbox 113 986 1325 1080; baseline 0.002 -23"><span class='ocrx_word' id='word_1_56' title='bbox 113 987 242 1057; x_wconf 89' lang='lat' dir='ltr'><strong>Luciani</strong></span> <span class='ocrx_word' id='word_1_57' title='bbox 264 1000 398 1058; x_wconf 89' lang='lat' dir='ltr'><strong>aetatem</strong></span> <span class='ocrx_word' id='word_1_58' title='bbox 421 990 581 1080; x_wconf 80' lang='lat' dir='ltr'><strong>sophistae</strong></span> <span class='ocrx_word' id='word_1_59' title='bbox 602 1011 717 1056; x_wconf 91' lang='lat' dir='ltr'><strong>nomen</strong></span> <span class='ocrx_word' id='word_1_60' title='bbox 738 986 946 1056; x_wconf 86' lang='lat' dir='ltr'><strong>honorificum</strong></span> <span class='ocrx_word' id='word_1_61' title='bbox 964 998 1038 1071; x_wconf 92' lang='lat' dir='ltr'><strong>erat,</strong></span> <span class='ocrx_word' id='word_1_62' title='bbox 1062 989 1118 1056; x_wconf 90' lang='lat' dir='ltr'><strong>sed</strong></span> <span class='ocrx_word' id='word_1_63' title='bbox 1136 990 1229 1057; x_wconf 87' lang='lat' dir='ltr'><strong>etiam</strong></span> <span class='ocrx_word' id='word_1_64' title='bbox 1246 1000 1325 1059; x_wconf 92' lang='lat' dir='ltr'><strong>tem-</strong></span> 
     </span>
     <span class='ocr_line' id='line_1_9' title="bbox 112 1092 1325 1191; baseline 0.005 -27"><span class='ocrx_word' id='word_1_65' title='bbox 112 1097 322 1189; x_wconf 88' lang='lat' dir='ltr'><strong>poreLuciani</strong></span> <span class='ocrx_word' id='word_1_66' title='bbox 333 1103 364 1185; x_wconf 88' lang='lat'><strong>¹),</strong></span> <span class='ocrx_word' id='word_1_67' title='bbox 376 1111 407 1167; x_wconf 90' lang='lat' dir='ltr'><strong>et</strong></span> <span class='ocrx_word' id='word_1_68' title='bbox 420 1103 445 1166; x_wconf 92' lang='lat' dir='ltr'><strong>is</strong></span> <span class='ocrx_word' id='word_1_69' title='bbox 457 1102 523 1191; x_wconf 92' lang='lat' dir='ltr'><strong>ipse</strong></span> <span class='ocrx_word' id='word_1_70' title='bbox 536 1092 971 1190; x_wconf 77' lang='lat' dir='ltr'><strong>[Herod.8(t,13,5-o)]eos</strong></span> <span class='ocrx_word' id='word_1_71' title='bbox 983 1100 1176 1188; x_wconf 87' lang='lat' dir='ltr'><strong>praedicans,</strong></span> <span class='ocrx_word' id='word_1_72' title='bbox 1187 1103 1239 1190; x_wconf 92' lang='lat' dir='ltr'><strong>qui</strong></span> <span class='ocrx_word' id='word_1_73' title='bbox 1251 1126 1325 1170; x_wconf 88' lang='lat' dir='ltr'><strong>eum</strong></span> 
     </span>
     <span class='ocr_line' id='line_1_10' title="bbox 111 1206 1412 1302; baseline 0.008 -29"><span class='ocrx_word' id='word_1_74' title='bbox 111 1207 249 1296; x_wconf 88' lang='lat' dir='ltr'><strong>audiunt,</strong></span> <span class='ocrx_word' id='word_1_75' title='bbox 272 1206 419 1298; x_wconf 80' lang='grc' dir='ltr'><em>ῥητόρων</em></span> <span class='ocrx_word' id='word_1_76' title='bbox 440 1237 476 1280; x_wconf 82' lang='grc' dir='ltr'><strong>σε</strong></span> <span class='ocrx_word' id='word_1_77' title='bbox 497 1211 554 1280; x_wconf 78' lang='grc' dir='ltr'><strong>καὶ</strong></span> <span class='ocrx_word' id='word_1_78' title='bbox 569 1209 786 1302; x_wconf 78' lang='grc' dir='ltr'><em>συγγραφέων</em></span> <span class='ocrx_word' id='word_1_79' title='bbox 808 1209 866 1277; x_wconf 80' lang='grc' dir='ltr'><strong>καὶ</strong></span> <span class='ocrx_word' id='word_1_80' title='bbox 887 1213 1059 1299; x_wconf 73' lang='grc' dir='ltr'><em>σοφιστῶν</em></span> <span class='ocrx_word' id='word_1_81' title='bbox 1075 1208 1324 1297; x_wconf 78' lang='grc' dir='ltr'><strong><em>δοκιμωτάτους</em></strong></span> <span class='ocrx_word' id='word_1_82' title='bbox 1409 1285 1412 1292; x_wconf 77' lang='grc'><strong>,</strong></span> 
     </span>
     <span class='ocr_line' id='line_1_11' title="bbox 109 1316 1322 1410; baseline 0.006 -27"><span class='ocrx_word' id='word_1_83' title='bbox 109 1316 257 1408; x_wconf 87' lang='lat' dir='ltr'><strong>appellat.</strong></span> <span class='ocrx_word' id='word_1_84' title='bbox 314 1317 427 1410; x_wconf 89' lang='lat' dir='ltr'><strong>Neque</strong></span> <span class='ocrx_word' id='word_1_85' title='bbox 457 1344 554 1388; x_wconf 85' lang='lat' dir='ltr'><strong>causa</strong></span> <span class='ocrx_word' id='word_1_86' title='bbox 587 1332 668 1404; x_wconf 90' lang='lat' dir='ltr'><strong>erat,</strong></span> <span class='ocrx_word' id='word_1_87' title='bbox 707 1344 762 1388; x_wconf 92' lang='lat' dir='ltr'><strong>cur</strong></span> <span class='ocrx_word' id='word_1_88' title='bbox 791 1319 982 1387; x_wconf 79' lang='lat' dir='ltr'><strong>offenderent</strong></span> <span class='ocrx_word' id='word_1_89' title='bbox 1009 1321 1152 1387; x_wconf 91' lang='lat' dir='ltr'><strong>homines</strong></span> <span class='ocrx_word' id='word_1_90' title='bbox 1182 1321 1265 1405; x_wconf 84' lang='lat' dir='ltr'><strong>dqcti</strong></span> <span class='ocrx_word' id='word_1_91' title='bbox 1291 1325 1322 1390; x_wconf 91' lang='lat' dir='ltr'><strong>in</strong></span> 
     </span>
     <span class='ocr_line' id='line_1_12' title="bbox 111 1428 1322 1522; baseline 0.006 -29"><span class='ocrx_word' id='word_1_92' title='bbox 111 1448 160 1510; x_wconf 88' lang='lat' dir='ltr'><strong>eu,</strong></span> <span class='ocrx_word' id='word_1_93' title='bbox 183 1428 267 1517; x_wconf 92' lang='lat' dir='ltr'><strong>quod</strong></span> <span class='ocrx_word' id='word_1_94' title='bbox 289 1428 433 1497; x_wconf 90' lang='lat' dir='ltr'><strong>Rhodius</strong></span> <span class='ocrx_word' id='word_1_95' title='bbox 455 1429 508 1498; x_wconf 91' lang='lat' dir='ltr'><strong>ille</strong></span> <span class='ocrx_word' id='word_1_96' title='bbox 531 1432 642 1499; x_wconf 89' lang='lat' dir='ltr'><strong>dicitur·</strong></span> <span class='ocrx_word' id='word_1_97' title='bbox 664 1441 695 1497; x_wconf 91' lang='lat' dir='ltr'><strong>et</strong></span> <span class='ocrx_word' id='word_1_98' title='bbox 723 1431 852 1520; x_wconf 85' lang='lat' dir='ltr'><strong>cynicus</strong></span> <span class='ocrx_word' id='word_1_99' title='bbox 881 1438 912 1496; x_wconf 93' lang='lat' dir='ltr'><strong>et</strong></span> <span class='ocrx_word' id='word_1_100' title='bbox 939 1430 1079 1522; x_wconf 74' lang='lat' dir='ltr'><strong>sophista</strong></span> <span class='ocrx_word' id='word_1_101' title='bbox 1110 1433 1220 1510; x_wconf 88' lang='lat' dir='ltr'><strong>luisse,</strong></span> <span class='ocrx_word' id='word_1_102' title='bbox 1250 1455 1322 1500; x_wconf 83' lang='lat' dir='ltr'><strong>nam</strong></span> 
     </span>
     <span class='ocr_line' id='line_1_13' title="bbox 110 1539 1322 1632; baseline 0.006 -29"><span class='ocrx_word' id='word_1_103' title='bbox 110 1559 184 1603; x_wconf 93' lang='lat' dir='ltr'><strong>cum</strong></span> <span class='ocrx_word' id='word_1_104' title='bbox 213 1541 319 1606; x_wconf 88' lang='lat' dir='ltr'><strong>exeis</strong></span> <span class='ocrx_word' id='word_1_105' title='bbox 354 1564 435 1630; x_wconf 88' lang='lat' dir='ltr'><strong>quae</strong></span> <span class='ocrx_word' id='word_1_106' title='bbox 465 1540 553 1607; x_wconf 88' lang='lat' dir='ltr'><strong>attuli</strong></span> <span class='ocrx_word' id='word_1_107' title='bbox 580 1551 723 1630; x_wconf 89' lang='lat' dir='ltr'><strong>apparet,</strong></span> <span class='ocrx_word' id='word_1_108' title='bbox 756 1541 897 1631; x_wconf 89' lang='lat' dir='ltr'><strong>potuisse</strong></span> <span class='ocrx_word' id='word_1_109' title='bbox 923 1540 985 1606; x_wconf 93' lang='lat' dir='ltr'><strong>hoc</strong></span> <span class='ocrx_word' id='word_1_110' title='bbox 1013 1539 1078 1609; x_wconf 89' lang='lat' dir='ltr'><strong>lieri</strong></span> <span class='ocrx_word' id='word_1_111' title='bbox 1099 1543 1322 1632; x_wconf 90' lang='lat' dir='ltr'><strong>imperatorum</strong></span> 
     </span>
     <span class='ocr_line' id='line_1_14' title="bbox 109 1649 1323 1741; baseline 0.007 -29"><span class='ocrx_word' id='word_1_112' title='bbox 109 1655 266 1737; x_wconf 90' lang='lat' dir='ltr'><strong>tempore,</strong></span> <span class='ocrx_word' id='word_1_113' title='bbox 290 1658 356 1715; x_wconf 91' lang='lat' dir='ltr'><strong>tum</strong></span> <span class='ocrx_word' id='word_1_114' title='bbox 379 1651 505 1717; x_wconf 83' lang='lat' dir='ltr'><strong>luerunt</strong></span> <span class='ocrx_word' id='word_1_115' title='bbox 527 1652 620 1717; x_wconf 88' lang='lat' dir='ltr'><strong>etiam</strong></span> <span class='ocrx_word' id='word_1_116' title='bbox 644 1650 770 1740; x_wconf 92' lang='lat' dir='ltr'><strong>quidam</strong></span> <span class='ocrx_word' id='word_1_117' title='bbox 793 1649 953 1741; x_wconf 75' lang='lat' dir='ltr'><strong>sophistae</strong></span> <span class='ocrx_word' id='word_1_118' title='bbox 975 1650 1133 1740; x_wconf 89' lang='lat' dir='ltr'><strong>simulque</strong></span> <span class='ocrx_word' id='word_1_119' title='bbox 1156 1654 1267 1740; x_wconf 86' lang='lat' dir='ltr'><strong>cynici,</strong></span> <span class='ocrx_word' id='word_1_120' title='bbox 1287 1663 1323 1720; x_wconf 90' lang='lat' dir='ltr'><strong>ut</strong></span> 
     </span>
     <span class='ocr_line' id='line_1_15' title="bbox 107 1755 1321 1851; baseline 0.005 -28"><span class='ocrx_word' id='word_1_121' title='bbox 107 1755 270 1849; x_wconf 83' lang='lat' dir='ltr'><strong>Diogenes</strong></span> <span class='ocrx_word' id='word_1_122' title='bbox 300 1762 352 1849; x_wconf 93' lang='lat' dir='ltr'><strong>qui</strong></span> <span class='ocrx_word' id='word_1_123' title='bbox 377 1759 572 1851; x_wconf 89' lang='lat' dir='ltr'><strong>Vespasiano</strong></span> <span class='ocrx_word' id='word_1_124' title='bbox 602 1762 789 1851; x_wconf 82' lang='lat' dir='ltr'><strong>imperatore</strong></span> <span class='ocrx_word' id='word_1_125' title='bbox 812 1762 888 1826; x_wconf 88' lang='lat' dir='ltr'><strong>vixit</strong></span> <span class='ocrx_word' id='word_1_126' title='bbox 912 1756 1023 1847; x_wconf 80' lang='lat' dir='ltr'><strong>(Febr.</strong></span> <span class='ocrx_word' id='word_1_127' title='bbox 1048 1758 1119 1827; x_wconf 88' lang='lat' dir='ltr'><strong>bibl.</strong></span> <span class='ocrx_word' id='word_1_128' title='bbox 1142 1759 1254 1828; x_wconf 90' lang='lat' dir='ltr'><strong>Graec.</strong></span> <span class='ocrx_word' id='word_1_129' title='bbox 1270 1759 1321 1843; x_wconf 89' lang='grc' dir='ltr'><strong>ΙΙΙ,</strong></span> 
     </span>
     <span class='ocr_line' id='line_1_16' title="bbox 109 1868 1321 1961; baseline 0.005 -30"><span class='ocrx_word' id='word_1_130' title='bbox 109 1889 139 1954; x_wconf 91' lang='lat' dir='ltr'><strong>p.</strong></span> <span class='ocrx_word' id='word_1_131' title='bbox 153 1868 232 1956; x_wconf 83' lang='lat'>519)</span> <span class='ocrx_word' id='word_1_132' title='bbox 261 1879 291 1935; x_wconf 90' lang='lat' dir='ltr'><strong>et</strong></span> <span class='ocrx_word' id='word_1_133' title='bbox 314 1870 486 1939; x_wconf 91' lang='lat' dir='ltr'><strong>Antiochus</strong></span> <span class='ocrx_word' id='word_1_134' title='bbox 516 1873 641 1961; x_wconf 88' lang='lat' dir='ltr'><strong>Aegeas</strong></span> <span class='ocrx_word' id='word_1_135' title='bbox 664 1869 745 1937; x_wconf 87' lang='lat' dir='ltr'><strong>Cilix</strong></span> <span class='ocrx_word' id='word_1_136' title='bbox 768 1869 875 1960; x_wconf 83' lang='lat' dir='ltr'><strong>(Fahr.</strong></span> <span class='ocrx_word' id='word_1_137' title='bbox 892 1869 963 1936; x_wconf 94' lang='lat' dir='ltr'><strong>hihl.</strong></span> <span class='ocrx_word' id='word_1_138' title='bbox 982 1870 1094 1939; x_wconf 90' lang='lat' dir='ltr'><strong>Graec.</strong></span> <span class='ocrx_word' id='word_1_139' title='bbox 1111 1869 1166 1953; x_wconf 97' lang='lat' dir='ltr'><strong>lll,</strong></span> <span class='ocrx_word' id='word_1_140' title='bbox 1188 1896 1216 1961; x_wconf 91' lang='lat' dir='ltr'><strong>p.</strong></span> <span class='ocrx_word' id='word_1_141' title='bbox 1232 1873 1321 1960; x_wconf 84' lang='lat'><strong>512),</strong></span> 
     </span>
     <span class='ocr_line' id='line_1_17' title="bbox 98 1975 1321 2072; baseline 0.005 -30"><span class='ocrx_word' id='word_1_142' title='bbox 98 1975 280 2068; x_wconf 17' lang='lat' dir='ltr'><strong>*discipulus</strong></span> <span class='ocrx_word' id='word_1_143' title='bbox 300 1977 383 2049; x_wconf 92' lang='lat' dir='ltr'><strong>illius</strong></span> <span class='ocrx_word' id='word_1_144' title='bbox 404 1979 563 2069; x_wconf 89' lang='lat' dir='ltr'><strong>Dionysii,</strong></span> <span class='ocrx_word' id='word_1_145' title='bbox 598 2003 692 2072; x_wconf 91' lang='lat' dir='ltr'><strong>quem</strong></span> <span class='ocrx_word' id='word_1_146' title='bbox 715 1980 893 2048; x_wconf 87' lang='lat' dir='ltr'><strong>Hadrianus</strong></span> <span class='ocrx_word' id='word_1_147' title='bbox 914 1980 1041 2046; x_wconf 88' lang='lat' dir='ltr'><strong>maximi</strong></span> <span class='ocrx_word' id='word_1_148' title='bbox 1069 1982 1151 2046; x_wconf 90' lang='lat' dir='ltr'><strong>lecit.</strong></span> <span class='ocrx_word' id='word_1_149' title='bbox 1199 1980 1321 2048; x_wconf 88' lang='lat' dir='ltr'><strong>Deinde</strong></span> 
     </span>
     <span class='ocr_line' id='line_1_18' title="bbox 99 2087 1320 2183; baseline 0.002 -28"><span class='ocrx_word' id='word_1_150' title='bbox 99 2109 172 2178; x_wconf 15' lang='lat' dir='ltr'><strong>“non</strong></span> <span class='ocrx_word' id='word_1_151' title='bbox 193 2087 494 2181; x_wconf 79' lang='lat' dir='ltr'><strong>posseRhodium²)</strong></span> <span class='ocrx_word' id='word_1_152' title='bbox 516 2089 605 2158; x_wconf 89' lang='lat' dir='ltr'><strong>illum</strong></span> <span class='ocrx_word' id='word_1_153' title='bbox 628 2089 802 2179; x_wconf 85' lang='lat' dir='ltr'><strong>sophistam</strong></span> <span class='ocrx_word' id='word_1_154' title='bbox 817 2088 1050 2180; x_wconf 89' lang='lat' dir='ltr'><strong>Agathobulum</strong></span> <span class='ocrx_word' id='word_1_155' title='bbox 1069 2088 1320 2183; x_wconf 91' lang='lat' dir='ltr'><strong>discipulumque</strong></span> 
     </span>
     <span class='ocr_line' id='line_1_19' title="bbox 99 2198 1320 2291; baseline 0 -25"><span class='ocrx_word' id='word_1_156' title='bbox 99 2199 175 2273; x_wconf 69' lang='lat' dir='ltr'><strong>‚cius</strong></span> <span class='ocrx_word' id='word_1_157' title='bbox 186 2198 385 2269; x_wconf 89' lang='lat' dir='ltr'><strong>Demetrium</strong></span> <span class='ocrx_word' id='word_1_158' title='bbox 395 2198 589 2267; x_wconf 88' lang='lat' dir='ltr'><strong>Corinthium</strong></span> <span class='ocrx_word' id='word_1_159' title='bbox 606 2224 685 2282; x_wconf 88' lang='lat' dir='ltr'><strong>esse,</strong></span> <span class='ocrx_word' id='word_1_160' title='bbox 706 2202 769 2267; x_wconf 88' lang='lat' dir='ltr'><strong>iam</strong></span> <span class='ocrx_word' id='word_1_161' title='bbox 788 2224 828 2267; x_wconf 89' lang='lat' dir='ltr'><strong>ex</strong></span> <span class='ocrx_word' id='word_1_162' title='bbox 842 2199 1048 2266; x_wconf 88' lang='lat' dir='ltr'><strong>Demonactis</strong></span> <span class='ocrx_word' id='word_1_163' title='bbox 1063 2200 1127 2265; x_wconf 89' lang='lat' dir='ltr'><strong>vita</strong></span> <span class='ocrx_word' id='word_1_164' title='bbox 1143 2200 1320 2291; x_wconf 88' lang='lat' dir='ltr'><strong>perspicere</strong></span> 
     </span>
     <span class='ocr_line' id='line_1_20' title="bbox 109 2307 1319 2399; baseline 0 -25"><span class='ocrx_word' id='word_1_165' title='bbox 109 2308 252 2376; x_wconf 91' lang='lat' dir='ltr'><strong>homines</strong></span> <span class='ocrx_word' id='word_1_166' title='bbox 276 2312 358 2377; x_wconf 92' lang='lat' dir='ltr'><strong>docti</strong></span> <span class='ocrx_word' id='word_1_167' title='bbox 382 2310 546 2378; x_wconf 89' lang='lat' dir='ltr'><strong>debebant.</strong></span> <span class='ocrx_word' id='word_1_168' title='bbox 591 2310 634 2377; x_wconf 92' lang='lat' dir='ltr'><strong>lbi</strong></span> <span class='ocrx_word' id='word_1_169' title='bbox 650 2311 732 2376; x_wconf 92' lang='lat' dir='ltr'><strong>enim</strong></span> <span class='ocrx_word' id='word_1_170' title='bbox 750 2307 889 2399; x_wconf 85' lang='lat' dir='ltr'><strong>[c.3(ll,</strong></span> <span class='ocrx_word' id='word_1_171' title='bbox 904 2309 1034 2398; x_wconf 73' lang='lat' dir='ltr'><strong>311‚2y]</strong></span> <span class='ocrx_word' id='word_1_172' title='bbox 1056 2309 1137 2376; x_wconf 90' lang='lat' dir='ltr'><strong>haec</strong></span> <span class='ocrx_word' id='word_1_173' title='bbox 1159 2308 1319 2398; x_wconf 85' lang='lat' dir='ltr'><strong>leguntur:</strong></span> 
     </span>
     <span class='ocr_line' id='line_1_21' title="bbox 107 2415 1320 2513; baseline -0.002 -24"><span class='ocrx_word' id='word_1_174' title='bbox 107 2416 167 2490; x_wconf 80' lang='grc' dir='ltr'><strong>οὐκ</strong></span> <span class='ocrx_word' id='word_1_175' title='bbox 183 2418 443 2508; x_wconf 80' lang='grc' dir='ltr'><em>Ἀγαθοβούλου</em></span> <span class='ocrx_word' id='word_1_176' title='bbox 466 2417 546 2491; x_wconf 82' lang='grc' dir='ltr'><em>οὐδὲ</em></span> <span class='ocrx_word' id='word_1_177' title='bbox 566 2418 758 2511; x_wconf 76' lang='grc' dir='ltr'><em>Δημητρίου</em></span> <span class='ocrx_word' id='word_1_178' title='bbox 780 2420 856 2513; x_wconf 78' lang='grc' dir='ltr'><strong>πρὸ</strong></span> <span class='ocrx_word' id='word_1_179' title='bbox 883 2415 1020 2489; x_wconf 79' lang='grc' dir='ltr'><em>αὐτοῦ.</em></span> <span class='ocrx_word' id='word_1_180' title='bbox 1063 2417 1138 2486; x_wconf 88' lang='lat' dir='ltr'><strong>Mihi</strong></span> <span class='ocrx_word' id='word_1_181' title='bbox 1160 2428 1265 2486; x_wconf 89' lang='lat' dir='ltr'><strong>autem</strong></span> <span class='ocrx_word' id='word_1_182' title='bbox 1289 2429 1320 2486; x_wconf 91' lang='lat' dir='ltr'><strong>et</strong></span> 
     </span>
     <span class='ocr_line' id='line_1_22' title="bbox 106 2529 1320 2623; baseline -0.001 -26"><span class='ocrx_word' id='word_1_183' title='bbox 106 2529 249 2601; x_wconf 89' lang='lat' dir='ltr'><strong>Rhodius</strong></span> <span class='ocrx_word' id='word_1_184' title='bbox 265 2535 415 2623; x_wconf 87' lang='lat' dir='ltr'><strong>magister</strong></span> <span class='ocrx_word' id='word_1_185' title='bbox 431 2541 461 2599; x_wconf 93' lang='lat' dir='ltr'><strong>et</strong></span> <span class='ocrx_word' id='word_1_186' title='bbox 476 2531 657 2608; x_wconf 87' lang='lat' dir='ltr'><strong>Demetrius</strong></span> <span class='ocrx_word' id='word_1_187' title='bbox 673 2531 844 2622; x_wconf 92' lang='lat' dir='ltr'><strong>discipulus</strong></span> <span class='ocrx_word' id='word_1_188' title='bbox 859 2530 922 2597; x_wconf 87' lang='lat' dir='ltr'><strong>ficti</strong></span> <span class='ocrx_word' id='word_1_189' title='bbox 938 2553 1008 2595; x_wconf 91' lang='lat' dir='ltr'><strong>csse</strong></span> <span class='ocrx_word' id='word_1_190' title='bbox 1024 2529 1183 2612; x_wconf 78' lang='lat' dir='ltr'><strong>videntur,</strong></span> <span class='ocrx_word' id='word_1_191' title='bbox 1206 2531 1320 2596; x_wconf 82' lang='lat' dir='ltr'><strong>trustra</strong></span> 
     </span>
     <span class='ocr_line' id='line_1_23' title="bbox 108 2638 1319 2745; baseline -0.004 -35"><span class='ocrx_word' id='word_1_192' title='bbox 108 2652 193 2711; x_wconf 89' lang='lat' dir='ltr'><strong>certe</strong></span> <span class='ocrx_word' id='word_1_193' title='bbox 220 2643 364 2709; x_wconf 89' lang='lat' dir='ltr'><strong>homines</strong></span> <span class='ocrx_word' id='word_1_194' title='bbox 393 2642 475 2709; x_wconf 90' lang='lat' dir='ltr'><strong>docti</strong></span> <span class='ocrx_word' id='word_1_195' title='bbox 504 2642 739 2745; x_wconf 77' lang='lat' dir='ltr'><strong>quaesiverunt,</strong></span> <span class='ocrx_word' id='word_1_196' title='bbox 773 2642 827 2730; x_wconf 92' lang='lat' dir='ltr'><strong>qui</strong></span> <span class='ocrx_word' id='word_1_197' title='bbox 854 2642 981 2721; x_wconf 89' lang='lat' dir='ltr'><strong>luerint,</strong></span> <span class='ocrx_word' id='word_1_198' title='bbox 1014 2663 1117 2729; x_wconf 91' lang='lat' dir='ltr'><strong>neque</strong></span> <span class='ocrx_word' id='word_1_199' title='bbox 1144 2662 1204 2730; x_wconf 87' lang='lat' dir='ltr'><strong>ego</strong></span> <span class='ocrx_word' id='word_1_200' title='bbox 1236 2638 1319 2707; x_wconf 90' lang='lat' dir='ltr'><strong>aliud</strong></span> 
     </span>
     <span class='ocr_line' id='line_1_24' title="bbox 108 2751 1320 2844; baseline -0.003 -25"><span class='ocrx_word' id='word_1_201' title='bbox 108 2754 276 2843; x_wconf 88' lang='lat' dir='ltr'><strong>quicquam</strong></span> <span class='ocrx_word' id='word_1_202' title='bbox 309 2754 423 2844; x_wconf 89' lang='lat' dir='ltr'><strong>reperi,</strong></span> <span class='ocrx_word' id='word_1_203' title='bbox 456 2752 513 2817; x_wconf 93' lang='lat' dir='ltr'><strong>nisi</strong></span> <span class='ocrx_word' id='word_1_204' title='bbox 545 2773 601 2816; x_wconf 91' lang='lat' dir='ltr'><strong>eos</strong></span> <span class='ocrx_word' id='word_1_205' title='bbox 637 2754 689 2840; x_wconf 90' lang='lat' dir='ltr'><strong>qui</strong></span> <span class='ocrx_word' id='word_1_206' title='bbox 722 2753 779 2819; x_wconf 90' lang='lat' dir='ltr'><strong>sibi</strong></span> <span class='ocrx_word' id='word_1_207' title='bbox 807 2751 921 2840; x_wconf 91' lang='lat' dir='ltr'><strong>aliquid</strong></span> <span class='ocrx_word' id='word_1_208' title='bbox 950 2752 1106 2817; x_wconf 90' lang='lat' dir='ltr'><strong>invenisse</strong></span> <span class='ocrx_word' id='word_1_209' title='bbox 1133 2751 1320 2832; x_wconf 86' lang='lat' dir='ltr'><strong>viderentur,</strong></span> 
     </span>
     <span class='ocr_line' id='line_1_25' title="bbox 107 2859 1320 2951; baseline -0.002 -22"><span class='ocrx_word' id='word_1_210' title='bbox 107 2860 204 2930; x_wconf 85' lang='lat' dir='ltr'><strong>falsos</strong></span> <span class='ocrx_word' id='word_1_211' title='bbox 227 2886 312 2929; x_wconf 87' lang='lat' dir='ltr'><strong>esse:</strong></span> <span class='ocrx_word' id='word_1_212' title='bbox 334 2885 396 2929; x_wconf 94' lang='lat' dir='ltr'><strong>non</strong></span> <span class='ocrx_word' id='word_1_213' title='bbox 418 2863 512 2951; x_wconf 89' lang='lat' dir='ltr'><strong>igitur</strong></span> <span class='ocrx_word' id='word_1_214' title='bbox 535 2885 575 2928; x_wconf 86' lang='lat' dir='ltr'><strong>ex</strong></span> <span class='ocrx_word' id='word_1_215' title='bbox 598 2861 774 2929; x_wconf 91' lang='lat' dir='ltr'><strong>nominihus</strong></span> <span class='ocrx_word' id='word_1_216' title='bbox 789 2859 904 2928; x_wconf 87' lang='lat' dir='ltr'><strong>Rhodii</strong></span> <span class='ocrx_word' id='word_1_217' title='bbox 926 2871 958 2927; x_wconf 91' lang='lat' dir='ltr'><strong>et</strong></span> <span class='ocrx_word' id='word_1_218' title='bbox 980 2859 1128 2929; x_wconf 88' lang='lat' dir='ltr'><strong>Demetrii</strong></span> <span class='ocrx_word' id='word_1_219' title='bbox 1152 2863 1320 2950; x_wconf 83' lang='lat' dir='ltr'><strong>quicquam</strong></span> 
     </span>
     <span class='ocr_line' id='line_1_26' title="bbox 108 2970 712 3063; baseline -0.008 -20"><span class='ocrx_word' id='word_1_220' title='bbox 108 2973 147 3043; x_wconf 89' lang='lat' dir='ltr'><strong>de</strong></span> <span class='ocrx_word' id='word_1_221' title='bbox 170 2982 273 3040; x_wconf 90' lang='lat' dir='ltr'><strong>aetate</strong></span> <span class='ocrx_word' id='word_1_222' title='bbox 295 2973 452 3063; x_wconf 90' lang='lat' dir='ltr'><strong>scriptoris</strong></span> <span class='ocrx_word' id='word_1_223' title='bbox 476 2970 580 3060; x_wconf 82' lang='lat' dir='ltr'><strong>colligi</strong></span> <span class='ocrx_word' id='word_1_224' title='bbox 600 2980 712 3061; x_wconf 90' lang='lat' dir='ltr'><strong>potest.</strong></span> 
     </span>
    </p>

    <p class='ocr_par' dir='ltr' id='par_1_3' title="bbox 106 3079 1323 3394">
     <span class='ocr_line' id='line_1_27' title="bbox 192 3079 1323 3172; baseline -0.003 -23"><span class='ocrx_word' id='word_1_225' title='bbox 192 3081 306 3172; x_wconf 89' lang='lat' dir='ltr'><strong>Neque</strong></span> <span class='ocrx_word' id='word_1_226' title='bbox 329 3085 447 3164; x_wconf 89' lang='lat' dir='ltr'><strong>exeis,</strong></span> <span class='ocrx_word' id='word_1_227' title='bbox 470 3105 552 3172; x_wconf 87' lang='lat' dir='ltr'><strong>quae</strong></span> <span class='ocrx_word' id='word_1_228' title='bbox 575 3081 683 3149; x_wconf 93' lang='lat' dir='ltr'><strong>dehis</strong></span> <span class='ocrx_word' id='word_1_229' title='bbox 706 3083 814 3149; x_wconf 90' lang='lat' dir='ltr'><strong>amicis</strong></span> <span class='ocrx_word' id='word_1_230' title='bbox 836 3091 1008 3164; x_wconf 89' lang='lat' dir='ltr'><strong>narrantur,</strong></span> <span class='ocrx_word' id='word_1_231' title='bbox 1032 3084 1199 3172; x_wconf 89' lang='lat' dir='ltr'><strong>quiequam</strong></span> <span class='ocrx_word' id='word_1_232' title='bbox 1217 3079 1323 3171; x_wconf 83' lang='lat' dir='ltr'><strong>colligi</strong></span> 
     </span>
     <span class='ocr_line' id='line_1_28' title="bbox 106 3191 1320 3285; baseline -0.002 -24"><span class='ocrx_word' id='word_1_233' title='bbox 106 3203 222 3285; x_wconf 86' lang='lat' dir='ltr'><strong>potest.</strong></span> <span class='ocrx_word' id='word_1_234' title='bbox 268 3192 408 3260; x_wconf 90' lang='lat' dir='ltr'><strong>Plurima</strong></span> <span class='ocrx_word' id='word_1_235' title='bbox 436 3197 517 3260; x_wconf 92' lang='lat' dir='ltr'><strong>enim</strong></span> <span class='ocrx_word' id='word_1_236' title='bbox 545 3194 647 3284; x_wconf 88' lang='lat' dir='ltr'><strong>inepte</strong></span> <span class='ocrx_word' id='word_1_237' title='bbox 674 3191 747 3260; x_wconf 88' lang='lat' dir='ltr'><strong>licta</strong></span> <span class='ocrx_word' id='word_1_238' title='bbox 770 3215 839 3260; x_wconf 92' lang='lat' dir='ltr'><strong>esse</strong></span> <span class='ocrx_word' id='word_1_239' title='bbox 862 3195 925 3260; x_wconf 90' lang='lat' dir='ltr'><strong>iam</strong></span> <span class='ocrx_word' id='word_1_240' title='bbox 947 3216 1043 3284; x_wconf 88' lang='lat' dir='ltr'><strong>supra</strong></span> <span class='ocrx_word' id='word_1_241' title='bbox 1072 3193 1320 3259; x_wconf 88' lang='lat' dir='ltr'><strong>demonstratum</strong></span> 
     </span>
     <span class='ocr_line' id='line_1_29' title="bbox 108 3301 1319 3394; baseline -0.003 -22"><span class='ocrx_word' id='word_1_242' title='bbox 108 3313 167 3373; x_wconf 88' lang='lat' dir='ltr'><strong>est.</strong></span> <span class='ocrx_word' id='word_1_243' title='bbox 207 3302 330 3372; x_wconf 90' lang='lat' dir='ltr'><strong>Deinde</strong></span> <span class='ocrx_word' id='word_1_244' title='bbox 353 3327 426 3372; x_wconf 92' lang='lat' dir='ltr'><strong>cum</strong></span> <span class='ocrx_word' id='word_1_245' title='bbox 450 3305 575 3373; x_wconf 91' lang='lat' dir='ltr'><strong>omnino</strong></span> <span class='ocrx_word' id='word_1_246' title='bbox 599 3313 732 3384; x_wconf 90' lang='lat' dir='ltr'><strong>veteres,</strong></span> <span class='ocrx_word' id='word_1_247' title='bbox 757 3301 870 3370; x_wconf 91' lang='lat' dir='ltr'><strong>Graeci</strong></span> <span class='ocrx_word' id='word_1_248' title='bbox 892 3326 1075 3394; x_wconf 90' lang='lat' dir='ltr'><strong>numquam,</strong></span> <span class='ocrx_word' id='word_1_249' title='bbox 1098 3302 1233 3370; x_wconf 87' lang='lat' dir='ltr'><strong>Romani</strong></span> <span class='ocrx_word' id='word_1_250' title='bbox 1248 3325 1319 3392; x_wconf 94' lang='lat' dir='ltr'><strong>per-</strong></span> 
     </span>
    </p>
   </div>
   <div class='ocr_carea' id='block_1_3' title="bbox 104 3479 306 3494">
    <p class='ocr_par' dir='ltr' id='par_1_4' title="bbox 104 3479 306 3494">
     <span class='ocr_line' id='line_1_30' title="bbox 104 3479 306 3494; baseline -0.02 0"><span class='ocrx_word' id='word_1_251' title='bbox 104 3479 306 3494; x_wconf 55' lang='lat' dir='ltr'><strong>m·-</strong></span> 
     </span>
    </p>
   </div>
   <div class='ocr_carea' id='block_1_4' title="bbox 105 3551 1321 4504">
    <p class='ocr_par' dir='ltr' id='par_1_5' title="bbox 105 3551 1321 4070">
     <span class='ocr_line' id='line_1_31' title="bbox 105 3551 1320 3628; baseline -0.01 -14"><span class='ocrx_word' id='word_1_252' title='bbox 105 3562 162 3615; x_wconf 84' lang='lat' dir='ltr'><strong>illis</strong></span> <span class='ocrx_word' id='word_1_253' title='bbox 186 3559 348 3628; x_wconf 87' lang='lat' dir='ltr'><strong>temporibus</strong></span> <span class='ocrx_word' id='word_1_254' title='bbox 372 3556 405 3610; x_wconf 88' lang='lat' dir='ltr'><strong>ad</strong></span> <span class='ocrx_word' id='word_1_255' title='bbox 427 3555 605 3611; x_wconf 78' lang='lat' dir='ltr'><strong>Brachmanae</strong></span> <span class='ocrx_word' id='word_1_256' title='bbox 629 3555 767 3621; x_wconf 87' lang='lat' dir='ltr'><strong>pervenire</strong></span> <span class='ocrx_word' id='word_1_257' title='bbox 793 3570 847 3606; x_wconf 90' lang='lat' dir='ltr'><strong>non</strong></span> <span class='ocrx_word' id='word_1_258' title='bbox 876 3554 1011 3620; x_wconf 88' lang='lat' dir='ltr'><strong>potuisse;</strong></span> <span class='ocrx_word' id='word_1_259' title='bbox 1039 3554 1151 3606; x_wconf 80' lang='lat' dir='ltr'><strong>tortasse</strong></span> <span class='ocrx_word' id='word_1_260' title='bbox 1175 3556 1264 3605; x_wconf 86' lang='lat' dir='ltr'><strong>eutem</strong></span> <span class='ocrx_word' id='word_1_261' title='bbox 1286 3551 1320 3602; x_wconf 79' lang='lat' dir='ltr'><strong>ad</strong></span> 
     </span>
     <span class='ocr_line' id='line_1_32' title="bbox 106 3641 1321 3717; baseline -0.012 -14"><span class='ocrx_word' id='word_1_262' title='bbox 106 3651 175 3703; x_wconf 82' lang='lat' dir='ltr'><strong>hune</strong></span> <span class='ocrx_word' id='word_1_263' title='bbox 191 3648 428 3717; x_wconf 82' lang='lat' dir='ltr'><strong>peregrinationem</strong></span> <span class='ocrx_word' id='word_1_264' title='bbox 448 3645 600 3712; x_wconf 83' lang='lat' dir='ltr'><strong>fingendam</strong></span> <span class='ocrx_word' id='word_1_265' title='bbox 623 3648 711 3694; x_wconf 87' lang='lat' dir='ltr'><strong>motus</strong></span> <span class='ocrx_word' id='word_1_266' title='bbox 730 3647 770 3693; x_wconf 88' lang='lat' dir='ltr'><strong>est</strong></span> <span class='ocrx_word' id='word_1_267' title='bbox 788 3643 900 3708; x_wconf 86' lang='lat' dir='ltr'><strong>scriptor</strong></span> <span class='ocrx_word' id='word_1_268' title='bbox 922 3658 952 3694; x_wconf 83' lang='lat' dir='ltr'><strong>ee</strong></span> <span class='ocrx_word' id='word_1_269' title='bbox 970 3659 1012 3707; x_wconf 88' lang='lat' dir='ltr'><strong>re,</strong></span> <span class='ocrx_word' id='word_1_270' title='bbox 1040 3641 1111 3708; x_wconf 88' lang='lat' dir='ltr'><strong>quod</strong></span> <span class='ocrx_word' id='word_1_271' title='bbox 1127 3641 1263 3704; x_wconf 92' lang='lat' dir='ltr'><strong>Plotinus,</strong></span> <span class='ocrx_word' id='word_1_272' title='bbox 1290 3643 1321 3689; x_wconf 91' lang='lat' dir='ltr'><strong>ut</strong></span> 
     </span>
     <span class='ocr_line' id='line_1_33' title="bbox 106 3727 1318 3801; baseline -0.011 -11"><span class='ocrx_word' id='word_1_273' title='bbox 106 3737 330 3790; x_wconf 84' lang='lat' dir='ltr'><strong>Brachmanorum</strong></span> <span class='ocrx_word' id='word_1_274' title='bbox 348 3734 504 3801; x_wconf 82' lang='lat' dir='ltr'><strong>sapientiam</strong></span> <span class='ocrx_word' id='word_1_275' title='bbox 525 3736 703 3798; x_wconf 87' lang='lat' dir='ltr'><strong>cognosceret,</strong></span> <span class='ocrx_word' id='word_1_276' title='bbox 725 3728 867 3780; x_wconf 90' lang='lat' dir='ltr'><strong>consilium</strong></span> <span class='ocrx_word' id='word_1_277' title='bbox 886 3729 920 3780; x_wconf 84' lang='lat' dir='ltr'><strong>ed</strong></span> <span class='ocrx_word' id='word_1_278' title='bbox 937 3747 981 3781; x_wconf 89' lang='lat' dir='ltr'><strong>eos</strong></span> <span class='ocrx_word' id='word_1_279' title='bbox 995 3746 1023 3780; x_wconf 87' lang='lat' dir='ltr'><strong>se</strong></span> <span class='ocrx_word' id='word_1_280' title='bbox 1036 3727 1186 3781; x_wconf 85' lang='lat' dir='ltr'><strong>conferendi</strong></span> <span class='ocrx_word' id='word_1_281' title='bbox 1204 3731 1318 3792; x_wconf 87' lang='lat' dir='ltr'><strong>ceperat;</strong></span> 
     </span>
     <span class='ocr_line' id='line_1_34' title="bbox 107 3815 1319 3891; baseline -0.008 -16"><span class='ocrx_word' id='word_1_282' title='bbox 107 3824 178 3891; x_wconf 87' lang='lat' dir='ltr'><strong>quod</strong></span> <span class='ocrx_word' id='word_1_283' title='bbox 196 3831 225 3874; x_wconf 88' lang='lat' dir='ltr'><strong>ut</strong></span> <span class='ocrx_word' id='word_1_284' title='bbox 243 3829 429 3891; x_wconf 86' lang='lat' dir='ltr'><strong>exsequeretur</strong></span> <span class='ocrx_word' id='word_1_285' title='bbox 448 3837 508 3872; x_wconf 89' lang='lat' dir='ltr'><strong>oum</strong></span> <span class='ocrx_word' id='word_1_286' title='bbox 521 3818 685 3871; x_wconf 83' lang='lat' dir='ltr'><strong>Gordianum</strong></span> <span class='ocrx_word' id='word_1_287' title='bbox 703 3816 829 3868; x_wconf 81' lang='lat' dir='ltr'><strong>adversus</strong></span> <span class='ocrx_word' id='word_1_288' title='bbox 843 3817 937 3868; x_wconf 85' lang='lat' dir='ltr'><strong>Perses</strong></span> <span class='ocrx_word' id='word_1_289' title='bbox 956 3817 1164 3883; x_wconf 87' lang='lat' dir='ltr'><strong>proficiscentem</strong></span> <span class='ocrx_word' id='word_1_290' title='bbox 1182 3815 1319 3866; x_wconf 83' lang='lat' dir='ltr'><strong>comitare·</strong></span> 
     </span>
     <span class='ocr_line' id='line_1_35' title="bbox 107 3904 1320 3976; baseline -0.01 -12"><span class='ocrx_word' id='word_1_291' title='bbox 107 3919 163 3976; x_wconf 90' lang='lat' dir='ltr'><strong>tur,</strong></span> <span class='ocrx_word' id='word_1_292' title='bbox 190 3913 345 3976; x_wconf 86' lang='lat' dir='ltr'><strong>imperatore</strong></span> <span class='ocrx_word' id='word_1_293' title='bbox 368 3914 396 3962; x_wconf 91' lang='lat' dir='ltr'><strong>in</strong></span> <span class='ocrx_word' id='word_1_294' title='bbox 415 3908 607 3974; x_wconf 81' lang='lat' dir='ltr'><strong>Mesopotamia</strong></span> <span class='ocrx_word' id='word_1_295' title='bbox 628 3908 722 3956; x_wconf 82' lang='lat' dir='ltr'><strong>neceto</strong></span> <span class='ocrx_word' id='word_1_296' title='bbox 750 3920 804 3954; x_wconf 91' lang='lat' dir='ltr'><strong>nou</strong></span> <span class='ocrx_word' id='word_1_297' title='bbox 827 3904 913 3955; x_wconf 84' lang='lat' dir='ltr'><strong>solum</strong></span> <span class='ocrx_word' id='word_1_298' title='bbox 935 3905 1098 3970; x_wconf 84' lang='lat' dir='ltr'><strong>propositum</strong></span> <span class='ocrx_word' id='word_1_299' title='bbox 1121 3919 1244 3970; x_wconf 83' lang='lat' dir='ltr'><strong>peregere</strong></span> <span class='ocrx_word' id='word_1_300' title='bbox 1267 3918 1320 3953; x_wconf 91' lang='lat' dir='ltr'><strong>non</strong></span> 
     </span>
     <span class='ocr_line' id='line_1_36' title="bbox 106 3989 1320 4070; baseline -0.008 -17"><span class='ocrx_word' id='word_1_301' title='bbox 106 4001 206 4070; x_wconf 89' lang='lat' dir='ltr'><strong>potuit,</strong></span> <span class='ocrx_word' id='word_1_302' title='bbox 233 3998 279 4049; x_wconf 85' lang='lat' dir='ltr'><strong>sed</strong></span> <span class='ocrx_word' id='word_1_303' title='bbox 299 3999 347 4047; x_wconf 81' lang='lat' dir='ltr'><strong>viu</strong></span> <span class='ocrx_word' id='word_1_304' title='bbox 371 3999 395 4047; x_wconf 88' lang='lat' dir='ltr'><strong>ei</strong></span> <span class='ocrx_word' id='word_1_305' title='bbox 419 3997 525 4063; x_wconf 84' lang='lat' dir='ltr'><strong>magnis</strong></span> <span class='ocrx_word' id='word_1_306' title='bbox 548 3996 577 4045; x_wconf 91' lang='lat' dir='ltr'><strong>in</strong></span> <span class='ocrx_word' id='word_1_307' title='bbox 601 3992 725 4058; x_wconf 87' lang='lat' dir='ltr'><strong>periculis</strong></span> <span class='ocrx_word' id='word_1_308' title='bbox 744 3996 848 4042; x_wconf 80' lang='lat' dir='ltr'><strong>versato</strong></span> <span class='ocrx_word' id='word_1_309' title='bbox 866 3992 895 4040; x_wconf 91' lang='lat' dir='ltr'><strong>in</strong></span> <span class='ocrx_word' id='word_1_310' title='bbox 913 3991 1064 4056; x_wconf 79' lang='lat' dir='ltr'><strong>Aegyptum</strong></span> <span class='ocrx_word' id='word_1_311' title='bbox 1086 3991 1182 4041; x_wconf 86' lang='lat' dir='ltr'><strong>reverti</strong></span> <span class='ocrx_word' id='word_1_312' title='bbox 1199 3989 1320 4056; x_wconf 85' lang='lat' dir='ltr'><strong>contigit.</strong></span> 
     </span>
    </p>

    <p class='ocr_par' dir='ltr' id='par_1_6' title="bbox 106 4070 1321 4324">
     <span class='ocr_line' id='line_1_37' title="bbox 178 4070 1321 4151; baseline -0.01 -15"><span class='ocrx_word' id='word_1_313' title='bbox 178 4085 196 4151; x_wconf 89' lang='lat'><strong>¹)</strong></span> <span class='ocrx_word' id='word_1_314' title='bbox 221 4085 346 4136; x_wconf 87' lang='lat' dir='ltr'><strong>Philostr.</strong></span> <span class='ocrx_word' id='word_1_315' title='bbox 365 4084 414 4133; x_wconf 89' lang='lat' dir='ltr'><strong>vit.</strong></span> <span class='ocrx_word' id='word_1_316' title='bbox 432 4082 539 4135; x_wconf 78' lang='lat' dir='ltr'><strong>Aeliani</strong></span> <span class='ocrx_word' id='word_1_317' title='bbox 558 4081 686 4145; x_wconf 82' lang='lat' dir='ltr'><strong>(Periuou.</strong></span> <span class='ocrx_word' id='word_1_318' title='bbox 705 4079 734 4127; x_wconf 93' lang='lat' dir='ltr'><strong>in</strong></span> <span class='ocrx_word' id='word_1_319' title='bbox 752 4078 833 4145; x_wconf 80' lang='lat' dir='ltr'><strong>praef.</strong></span> <span class='ocrx_word' id='word_1_320' title='bbox 852 4075 921 4140; x_wconf 79' lang='lat' dir='ltr'><strong>Aer.)</strong></span> <span class='ocrx_word' id='word_1_321' title='bbox 946 4076 1064 4131; x_wconf 71' lang='grc' dir='ltr'><em>ἐπαίνου</em></span> <span class='ocrx_word' id='word_1_322' title='bbox 1082 4096 1132 4148; x_wconf 84' lang='grc' dir='ltr'><strong>μοι</strong></span> <span class='ocrx_word' id='word_1_323' title='bbox 1150 4075 1229 4130; x_wconf 76' lang='lat' dir='ltr'><strong>darei</strong></span> <span class='ocrx_word' id='word_1_324' title='bbox 1246 4070 1321 4134; x_wconf 76' lang='grc' dir='ltr'><em>ἰῖξιος</em></span> 
     </span>
     <span class='ocr_line' id='line_1_38' title="bbox 106 4157 1320 4242; baseline -0.012 -14"><span class='ocrx_word' id='word_1_325' title='bbox 106 4171 121 4228; x_wconf 90' lang='grc' dir='ltr'>ὀ</span> <span class='ocrx_word' id='word_1_326' title='bbox 142 4169 211 4242; x_wconf 79' lang='grc' dir='ltr'><em>ἀνὴρ</em></span> <span class='ocrx_word' id='word_1_327' title='bbox 231 4157 311 4227; x_wconf 79' lang='grc' dir='ltr'><em>οὗτος</em></span> <span class='ocrx_word' id='word_1_328' title='bbox 392 4163 433 4220; x_wconf 81' lang='grc' dir='ltr'><strong>ὅτι</strong></span> <span class='ocrx_word' id='word_1_329' title='bbox 451 4168 619 4235; x_wconf 74' lang='grc' dir='ltr'><em>προσρηθεὶς</em></span> <span class='ocrx_word' id='word_1_330' title='bbox 643 4162 776 4234; x_wconf 78' lang='grc' dir='ltr'><em>σοφιστὴς</em></span> <span class='ocrx_word' id='word_1_331' title='bbox 798 4159 852 4215; x_wconf 78' lang='grc' dir='ltr'><strong>ὑπὸ</strong></span> <span class='ocrx_word' id='word_1_332' title='bbox 872 4163 928 4218; x_wconf 77' lang='grc' dir='ltr'><strong>τῶν</strong></span> <span class='ocrx_word' id='word_1_333' title='bbox 942 4167 1133 4238; x_wconf 79' lang='grc' dir='ltr'><em>χαριζομένων</em></span> <span class='ocrx_word' id='word_1_334' title='bbox 1152 4160 1184 4216; x_wconf 81' lang='grc' dir='ltr'><strong>τὰ</strong></span> <span class='ocrx_word' id='word_1_335' title='bbox 1207 4163 1320 4233; x_wconf 77' lang='grc' dir='ltr'><em>τοιαῦτα</em></span> 
     </span>
     <span class='ocr_line' id='line_1_39' title="bbox 107 4242 1236 4324; baseline -0.013 -10"><span class='ocrx_word' id='word_1_336' title='bbox 107 4255 160 4313; x_wconf 77' lang='grc' dir='ltr'><strong>οὐκ</strong></span> <span class='ocrx_word' id='word_1_337' title='bbox 178 4260 339 4314; x_wconf 70' lang='grc' dir='ltr'><em>ἐπίστευσεν</em></span> <span class='ocrx_word' id='word_1_338' title='bbox 353 4295 358 4307; x_wconf 92' lang='grc'><strong>.</strong></span> <span class='ocrx_word' id='word_1_339' title='bbox 370 4293 395 4308; x_wconf 84' lang='grc'><strong>..</strong></span> <span class='ocrx_word' id='word_1_340' title='bbox 411 4249 476 4305; x_wconf 77' lang='lat' dir='ltr'><strong>odat</strong></span> <span class='ocrx_word' id='word_1_341' title='bbox 496 4249 602 4322; x_wconf 75' lang='grc' dir='ltr'><em>ἐπήχθη</em></span> <span class='ocrx_word' id='word_1_342' title='bbox 622 4249 676 4305; x_wconf 80' lang='grc' dir='ltr'><strong>ὑπὸ</strong></span> <span class='ocrx_word' id='word_1_343' title='bbox 695 4253 744 4305; x_wconf 78' lang='grc' dir='ltr'><strong>τοῦ</strong></span> <span class='ocrx_word' id='word_1_344' title='bbox 763 4248 900 4324; x_wconf 82' lang='grc' dir='ltr'><em>ὀνόματος</em></span> <span class='ocrx_word' id='word_1_345' title='bbox 919 4248 989 4305; x_wconf 77' lang='grc' dir='ltr'><em>οὕτω</em></span> <span class='ocrx_word' id='word_1_346' title='bbox 1007 4248 1130 4323; x_wconf 79' lang='grc' dir='ltr'><em>μεγάλου</em></span> <span class='ocrx_word' id='word_1_347' title='bbox 1149 4242 1236 4306; x_wconf 84' lang='grc' dir='ltr'><em>ὄντος.</em></span> 
     </span>
    </p>

    <p class='ocr_par' dir='ltr' id='par_1_7' title="bbox 106 4336 1320 4504">
     <span class='ocr_line' id='line_1_40' title="bbox 180 4336 1320 4415; baseline -0.011 -14"><span class='ocrx_word' id='word_1_348' title='bbox 180 4349 200 4415; x_wconf 76' lang='lat'><strong>²)</strong></span> <span class='ocrx_word' id='word_1_349' title='bbox 225 4350 265 4401; x_wconf 85' lang='lat' dir='ltr'><strong>Cf.</strong></span> <span class='ocrx_word' id='word_1_350' title='bbox 284 4349 397 4413; x_wconf 87' lang='lat' dir='ltr'><strong>interpp.</strong></span> <span class='ocrx_word' id='word_1_351' title='bbox 416 4343 542 4395; x_wconf 78' lang='lat' dir='ltr'><strong>Seianum</strong></span> <span class='ocrx_word' id='word_1_352' title='bbox 565 4348 591 4395; x_wconf 88' lang='lat' dir='ltr'><strong>et</strong></span> <span class='ocrx_word' id='word_1_353' title='bbox 609 4344 656 4410; x_wconf 90' lang='lat' dir='ltr'><strong>qui</strong></span> <span class='ocrx_word' id='word_1_354' title='bbox 674 4343 699 4393; x_wconf 90' lang='lat' dir='ltr'><strong>ei</strong></span> <span class='ocrx_word' id='word_1_355' title='bbox 720 4344 822 4395; x_wconf 88' lang='lat' dir='ltr'><strong>assensi</strong></span> <span class='ocrx_word' id='word_1_356' title='bbox 846 4346 908 4394; x_wconf 88' lang='lat' dir='ltr'><strong>sunt</strong></span> <span class='ocrx_word' id='word_1_357' title='bbox 924 4341 1047 4393; x_wconf 85' lang='lat' dir='ltr'><strong>Iacobum</strong></span> <span class='ocrx_word' id='word_1_358' title='bbox 1066 4340 1102 4406; x_wconf 84' lang='lat' dir='ltr'><strong>(p.</strong></span> <span class='ocrx_word' id='word_1_359' title='bbox 1112 4337 1157 4404; x_wconf 85' lang='lat'><strong>98)</strong></span> <span class='ocrx_word' id='word_1_360' title='bbox 1176 4344 1202 4389; x_wconf 89' lang='lat' dir='ltr'><strong>et</strong></span> <span class='ocrx_word' id='word_1_361' title='bbox 1219 4336 1320 4390; x_wconf 84' lang='lat' dir='ltr'><strong>laeobi·</strong></span> 
     </span>
     <span class='ocr_line' id='line_1_41' title="bbox 106 4428 1118 4504; baseline -0.012 -14"><span class='ocrx_word' id='word_1_362' title='bbox 106 4439 189 4504; x_wconf 83' lang='lat' dir='ltr'><strong>tium;</strong></span> <span class='ocrx_word' id='word_1_363' title='bbox 209 4441 255 4504; x_wconf 86' lang='lat' dir='ltr'><strong>qui</strong></span> <span class='ocrx_word' id='word_1_364' title='bbox 274 4435 346 4488; x_wconf 88' lang='lat' dir='ltr'><strong>uude</strong></span> <span class='ocrx_word' id='word_1_365' title='bbox 365 4431 537 4500; x_wconf 82' lang='lat' dir='ltr'><strong>cognoverint</strong></span> <span class='ocrx_word' id='word_1_366' title='bbox 553 4430 755 4498; x_wconf 71' lang='lat' dir='ltr'><strong>agathobulum</strong></span> <span class='ocrx_word' id='word_1_367' title='bbox 771 4430 905 4484; x_wconf 87' lang='lat' dir='ltr'><strong>Rhodium</strong></span> <span class='ocrx_word' id='word_1_368' title='bbox 919 4429 1002 4481; x_wconf 83' lang='lat' dir='ltr'><strong>fuisse</strong></span> <span class='ocrx_word' id='word_1_369' title='bbox 1019 4428 1118 4478; x_wconf 85' lang='lat' dir='ltr'><strong>neseio.</strong></span> 
     </span>
    </p>
   </div>
   <div class='ocr_carea' id='block_1_5' title="bbox 0 0 1432 4906">
    <p class='ocr_par' dir='ltr' id='par_1_8' title="bbox 0 0 1432 4906">
     <span class='ocr_line' id='line_1_42' title="bbox 0 0 1432 4906; baseline 0 2"><span class='ocrx_word' id='word_1_370' title='bbox 0 0 1432 4906; x_wconf 95' lang='lat' dir='ltr'><strong> </strong></span> 
     </span>
    </p>
   </div>
  </div>
 </body>
</html>
