<?xml version="1.0" encoding="UTF-8"?>
<!DOCTYPE html PUBLIC "-//W3C//DTD XHTML 1.0 Transitional//EN"
    "http://www.w3.org/TR/xhtml1/DTD/xhtml1-transitional.dtd">
<html xmlns="http://www.w3.org/1999/xhtml" xml:lang="en" lang="en">
 <head>
  <title>
</title>
<meta http-equiv="Content-Type" content="text/html;charset=utf-8" />
  <meta name='ocr-system' content='tesseract 3.04.00' />
  <meta name='ocr-capabilities' content='ocr_page ocr_carea ocr_par ocr_line ocrx_word'/>
</head>
<body>
  <div class='ocr_page' id='page_1' title='image "./desubditoquiint00guttgoog_0108.png"; bbox 0 0 2858 4920; ppageno 0'>
   <div class='ocr_carea' id='block_1_1' title="bbox 148 1320 1277 1540">
    <p class='ocr_par' dir='ltr' id='par_1_1' title="bbox 148 1320 1277 1540">
     <span class='ocr_line' id='line_1_1' title="bbox 148 1320 1277 1433; baseline -0.003 -24"><span class='ocrx_word' id='word_1_1' title='bbox 148 1324 238 1430; x_wconf 71' lang='lat' dir='ltr'><strong>§luae</strong></span> <span class='ocrx_word' id='word_1_2' title='bbox 266 1326 308 1411; x_wconf 84' lang='lat' dir='ltr'><strong>ute</strong></span> <span class='ocrx_word' id='word_1_3' title='bbox 335 1326 473 1433; x_wconf 78' lang='lat' dir='ltr'><strong>suynus</strong></span> <span class='ocrx_word' id='word_1_4' title='bbox 499 1325 647 1411; x_wconf 81' lang='lat' dir='ltr'><strong>inaudita</strong></span> <span class='ocrx_word' id='word_1_5' title='bbox 672 1330 709 1409; x_wconf 88' lang='lat' dir='ltr'><strong>ot</strong></span> <span class='ocrx_word' id='word_1_6' title='bbox 733 1323 917 1430; x_wconf 79' lang='lat' dir='ltr'><strong>singularia</strong></span> <span class='ocrx_word' id='word_1_7' title='bbox 941 1320 1114 1409; x_wconf 78' lang='lat' dir='ltr'><strong>traduntur</strong></span> <span class='ocrx_word' id='word_1_8' title='bbox 1134 1321 1215 1407; x_wconf 82' lang='lat' dir='ltr'><strong>uota</strong></span> <span class='ocrx_word' id='word_1_9' title='bbox 1240 1324 1277 1407; x_wconf 87' lang='lat' dir='ltr'><strong>et</strong></span> 
     </span>
     <span class='ocr_line' id='line_1_2' title="bbox 540 1453 893 1540; baseline -0.008 -1"><span class='ocrx_word' id='word_1_10' title='bbox 540 1453 772 1540; x_wconf 85' lang='lat' dir='ltr'><strong>oonnoutioiu</strong></span> <span class='ocrx_word' id='word_1_11' title='bbox 797 1471 893 1538; x_wconf 83' lang='lat' dir='ltr'><strong>esse.</strong></span> 
     </span>
    </p>
   </div>
   <div class='ocr_carea' id='block_1_2' title="bbox 630 1834 1323 2173">
    <p class='ocr_par' dir='ltr' id='par_1_2' title="bbox 630 1834 1323 2173">
     <span class='ocr_line' id='line_1_3' title="bbox 674 1834 1323 1906; baseline -0.003 -12"><span class='ocrx_word' id='word_1_12' title='bbox 674 1842 712 1895; x_wconf 78' lang='lat' dir='ltr'><strong>Es</strong></span> <span class='ocrx_word' id='word_1_13' title='bbox 735 1840 826 1894; x_wconf 73' lang='lat' dir='ltr'><strong>nitriis</strong></span> <span class='ocrx_word' id='word_1_14' title='bbox 853 1841 912 1894; x_wconf 84' lang='lat' dir='ltr'><strong>aine</strong></span> <span class='ocrx_word' id='word_1_15' title='bbox 934 1836 1107 1893; x_wconf 80' lang='lat' dir='ltr'><strong>undaukbara</strong></span> <span class='ocrx_word' id='word_1_16' title='bbox 1129 1837 1185 1891; x_wconf 79' lang='lat' dir='ltr'><strong>uad</strong></span> <span class='ocrx_word' id='word_1_17' title='bbox 1212 1834 1323 1906; x_wconf 71' lang='lat' dir='ltr'><strong>vergair·</strong></span> 
     </span>
     <span class='ocr_line' id='line_1_4' title="bbox 630 1925 1323 1997; baseline 0 -16"><span class='ocrx_word' id='word_1_18' title='bbox 630 1929 701 1981; x_wconf 84' lang='lat' dir='ltr'><strong>lioba</strong></span> <span class='ocrx_word' id='word_1_19' title='bbox 719 1929 814 1982; x_wconf 80' lang='lat' dir='ltr'><strong>Arbeit</strong></span> <span class='ocrx_word' id='word_1_20' title='bbox 829 1929 897 1994; x_wconf 80' lang='lat' dir='ltr'><strong>seio,</strong></span> <span class='ocrx_word' id='word_1_21' title='bbox 916 1928 960 1980; x_wconf 83' lang='lat' dir='ltr'><strong>die</strong></span> <span class='ocrx_word' id='word_1_22' title='bbox 976 1925 1205 1997; x_wconf 65' lang='lat' dir='ltr'><strong>geographiam</strong></span> <span class='ocrx_word' id='word_1_23' title='bbox 1216 1927 1323 1981; x_wconf 66' lang='lat' dir='ltr'><strong>noum</strong></span> 
     </span>
     <span class='ocr_line' id='line_1_5' title="bbox 630 2011 1322 2082; baseline -0.006 -13"><span class='ocrx_word' id='word_1_24' title='bbox 630 2017 753 2069; x_wconf 70' lang='lat' dir='ltr'><strong>annosos</strong></span> <span class='ocrx_word' id='word_1_25' title='bbox 772 2034 806 2069; x_wconf 79' lang='lat' dir='ltr'><strong>au</strong></span> <span class='ocrx_word' id='word_1_26' title='bbox 823 2017 928 2082; x_wconf 81' lang='lat' dir='ltr'><strong>wellen,</strong></span> <span class='ocrx_word' id='word_1_27' title='bbox 946 2015 990 2069; x_wconf 84' lang='lat' dir='ltr'><strong>die</strong></span> <span class='ocrx_word' id='word_1_28' title='bbox 1007 2017 1038 2069; x_wconf 86' lang='lat' dir='ltr'><strong>in</strong></span> <span class='ocrx_word' id='word_1_29' title='bbox 1055 2015 1154 2067; x_wconf 83' lang='lat' dir='ltr'><strong>diesem</strong></span> <span class='ocrx_word' id='word_1_30' title='bbox 1165 2011 1322 2067; x_wconf 64' lang='lat' dir='ltr'><strong>(ieschioht</strong></span> 
     </span>
     <span class='ocr_line' id='line_1_6' title="bbox 631 2098 1320 2173; baseline -0.009 -15"><span class='ocrx_word' id='word_1_31' title='bbox 631 2104 698 2158; x_wconf 84' lang='lat' dir='ltr'><strong>oben</strong></span> <span class='ocrx_word' id='word_1_32' title='bbox 707 2105 805 2173; x_wconf 77' lang='lat' dir='ltr'><strong>liugan.</strong></span> <span class='ocrx_word' id='word_1_33' title='bbox 823 2103 953 2156; x_wconf 84' lang='lat' dir='ltr'><strong>Wialand.</strong></span> <span class='ocrx_word' id='word_1_34' title='bbox 964 2106 1029 2158; x_wconf 83' lang='lat' dir='ltr'><strong>Tox.</strong></span> <span class='ocrx_word' id='word_1_35' title='bbox 1037 2103 1128 2154; x_wconf 85' lang='lat' dir='ltr'><strong>transl.</strong></span> <span class='ocrx_word' id='word_1_36' title='bbox 1139 2116 1162 2155; x_wconf 89' lang='lat' dir='ltr'><strong>o.</strong></span> <span class='ocrx_word' id='word_1_37' title='bbox 1171 2099 1206 2156; x_wconf 87' lang='grc'><strong>47</strong></span> <span class='ocrx_word' id='word_1_38' title='bbox 1215 2098 1320 2157; x_wconf 59' lang='lat' dir='ltr'><strong>nom.</strong></span> 
     </span>
    </p>
   </div>
   <div class='ocr_carea' id='block_1_3' title="bbox 104 2221 1325 4346">
    <p class='ocr_par' dir='ltr' id='par_1_3' title="bbox 104 2221 1325 4346">
     <span class='ocr_line' id='line_1_7' title="bbox 192 2221 1322 2356; baseline 0.006 -32"><span class='ocrx_word' id='word_1_39' title='bbox 192 2221 402 2351; x_wconf 74' lang='lat' dir='ltr'><strong>Priusquam</strong></span> <span class='ocrx_word' id='word_1_40' title='bbox 434 2269 541 2329; x_wconf 86' lang='lat' dir='ltr'><strong>autem</strong></span> <span class='ocrx_word' id='word_1_41' title='bbox 574 2262 614 2330; x_wconf 88' lang='lat' dir='ltr'><strong>ad</strong></span> <span class='ocrx_word' id='word_1_42' title='bbox 647 2262 677 2330; x_wconf 85' lang='lat' dir='ltr'><strong>id</strong></span> <span class='ocrx_word' id='word_1_43' title='bbox 708 2264 961 2354; x_wconf 85' lang='lat' dir='ltr'><strong>investigandum</strong></span> <span class='ocrx_word' id='word_1_44' title='bbox 994 2263 1176 2356; x_wconf 84' lang='lat' dir='ltr'><strong>aggredior,</strong></span> <span class='ocrx_word' id='word_1_45' title='bbox 1208 2261 1322 2331; x_wconf 88' lang='lat' dir='ltr'><strong>fictane</strong></span> 
     </span>
     <span class='ocr_line' id='line_1_8' title="bbox 107 2367 1324 2466; baseline 0.005 -31"><span class='ocrx_word' id='word_1_46' title='bbox 107 2367 170 2436; x_wconf 88' lang='lat' dir='ltr'><strong>sint</strong></span> <span class='ocrx_word' id='word_1_47' title='bbox 194 2391 254 2438; x_wconf 89' lang='lat' dir='ltr'><strong>neo</strong></span> <span class='ocrx_word' id='word_1_48' title='bbox 279 2392 320 2438; x_wconf 92' lang='lat' dir='ltr'><strong>ne</strong></span> <span class='ocrx_word' id='word_1_49' title='bbox 348 2369 519 2461; x_wconf 81' lang='lat' dir='ltr'>singularia</span> <span class='ocrx_word' id='word_1_50' title='bbox 540 2381 637 2465; x_wconf 88' lang='lat' dir='ltr'><strong>atque</strong></span> <span class='ocrx_word' id='word_1_51' title='bbox 658 2374 796 2441; x_wconf 89' lang='lat' dir='ltr'><strong>inaudita</strong></span> <span class='ocrx_word' id='word_1_52' title='bbox 824 2397 907 2465; x_wconf 89' lang='lat' dir='ltr'><strong>quae</strong></span> <span class='ocrx_word' id='word_1_53' title='bbox 928 2375 968 2444; x_wconf 87' lang='lat' dir='ltr'><strong>de</strong></span> <span class='ocrx_word' id='word_1_54' title='bbox 989 2373 1118 2465; x_wconf 81' lang='lat' dir='ltr'><strong>Scythis</strong></span> <span class='ocrx_word' id='word_1_55' title='bbox 1139 2373 1324 2466; x_wconf 79' lang='lat' dir='ltr'><strong>praesertim</strong></span> 
     </span>
     <span class='ocr_line' id='line_1_9' title="bbox 106 2476 1325 2578; baseline 0.004 -33"><span class='ocrx_word' id='word_1_56' title='bbox 106 2476 301 2571; x_wconf 70' lang='lat' dir='ltr'><strong>Bosporanis</strong></span> <span class='ocrx_word' id='word_1_57' title='bbox 334 2505 355 2549; x_wconf 92' lang='lat' dir='ltr'><strong>a</strong></span> <span class='ocrx_word' id='word_1_58' title='bbox 382 2481 549 2550; x_wconf 84' lang='lat' dir='ltr'><strong>Toxaridis</strong></span> <span class='ocrx_word' id='word_1_59' title='bbox 580 2484 731 2576; x_wconf 74' lang='lat' dir='ltr'><strong>scriptore</strong></span> <span class='ocrx_word' id='word_1_60' title='bbox 763 2485 940 2570; x_wconf 86' lang='lat' dir='ltr'><strong>tradantur,</strong></span> <span class='ocrx_word' id='word_1_61' title='bbox 972 2482 1234 2578; x_wconf 87' lang='lat' dir='ltr'><strong>perserutandum</strong></span> <span class='ocrx_word' id='word_1_62' title='bbox 1265 2491 1325 2567; x_wconf 86' lang='lat' dir='ltr'><strong>est,</strong></span> 
     </span>
     <span class='ocr_line' id='line_1_10' title="bbox 107 2589 1323 2688; baseline 0.004 -32"><span class='ocrx_word' id='word_1_63' title='bbox 107 2610 189 2682; x_wconf 89' lang='lat' dir='ltr'><strong>quos</strong></span> <span class='ocrx_word' id='word_1_64' title='bbox 205 2589 259 2657; x_wconf 87' lang='lat' dir='ltr'><strong>ilie</strong></span> <span class='ocrx_word' id='word_1_65' title='bbox 274 2589 410 2681; x_wconf 87' lang='lat' dir='ltr'><strong>populos</strong></span> <span class='ocrx_word' id='word_1_66' title='bbox 423 2590 562 2682; x_wconf 81' lang='lat' dir='ltr'><strong>Scythas</strong></span> <span class='ocrx_word' id='word_1_67' title='bbox 576 2592 723 2685; x_wconf 86' lang='lat' dir='ltr'><strong>appellet.</strong></span> <span class='ocrx_word' id='word_1_68' title='bbox 758 2595 864 2686; x_wconf 83' lang='lat' dir='ltr'><strong>Atque</strong></span> <span class='ocrx_word' id='word_1_69' title='bbox 885 2597 1021 2688; x_wconf 88' lang='lat' dir='ltr'><strong>primum</strong></span> <span class='ocrx_word' id='word_1_70' title='bbox 1041 2605 1153 2665; x_wconf 89' lang='lat' dir='ltr'><strong>notum</strong></span> <span class='ocrx_word' id='word_1_71' title='bbox 1175 2603 1233 2678; x_wconf 85' lang='lat' dir='ltr'><strong>est,</strong></span> <span class='ocrx_word' id='word_1_72' title='bbox 1256 2614 1323 2678; x_wconf 87' lang='lat' dir='ltr'><strong>eos,</strong></span> 
     </span>
     <span class='ocr_line' id='line_1_11' title="bbox 107 2699 1323 2799; baseline 0.003 -32"><span class='ocrx_word' id='word_1_73' title='bbox 107 2722 190 2794; x_wconf 87' lang='lat' dir='ltr'><strong>quos</strong></span> <span class='ocrx_word' id='word_1_74' title='bbox 212 2699 392 2768; x_wconf 84' lang='lat' dir='ltr'><strong>Herodotus</strong></span> <span class='ocrx_word' id='word_1_75' title='bbox 413 2699 483 2785; x_wconf 88' lang='lat' dir='ltr'><strong>(IV,</strong></span> <span class='ocrx_word' id='word_1_76' title='bbox 494 2704 526 2789; x_wconf 85' lang='grc'><strong>6)</strong></span> <span class='ocrx_word' id='word_1_77' title='bbox 550 2700 772 2790; x_wconf 78' lang='lat' dir='ltr'><strong>Scythicarum</strong></span> <span class='ocrx_word' id='word_1_78' title='bbox 793 2730 899 2782; x_wconf 88' lang='lat' dir='ltr'><strong>rerum</strong></span> <span class='ocrx_word' id='word_1_79' title='bbox 920 2706 973 2775; x_wconf 90' lang='lat' dir='ltr'><strong>vel</strong></span> <span class='ocrx_word' id='word_1_80' title='bbox 995 2706 1200 2799; x_wconf 83' lang='lat' dir='ltr'><strong>peritissimus</strong></span> <span class='ocrx_word' id='word_1_81' title='bbox 1222 2701 1323 2772; x_wconf 85' lang='lat' dir='ltr'><strong>Grae·</strong></span> 
     </span>
     <span class='ocr_line' id='line_1_12' title="bbox 107 2810 1322 2907; baseline 0.007 -29"><span class='ocrx_word' id='word_1_82' title='bbox 107 2832 220 2880; x_wconf 86' lang='lat' dir='ltr'><strong>eorum</strong></span> <span class='ocrx_word' id='word_1_83' title='bbox 242 2810 381 2902; x_wconf 83' lang='lat' dir='ltr'><strong>Scythas</strong></span> <span class='ocrx_word' id='word_1_84' title='bbox 403 2821 511 2896; x_wconf 86' lang='lat' dir='ltr'><strong>uocet,</strong></span> <span class='ocrx_word' id='word_1_85' title='bbox 533 2813 587 2905; x_wconf 91' lang='lat' dir='ltr'><strong>qui</strong></span> <span class='ocrx_word' id='word_1_86' title='bbox 609 2816 724 2907; x_wconf 84' lang='lat' dir='ltr'><strong>seipsi</strong></span> <span class='ocrx_word' id='word_1_87' title='bbox 746 2817 895 2887; x_wconf 83' lang='lat' dir='ltr'><strong>Scolotos</strong></span> <span class='ocrx_word' id='word_1_88' title='bbox 918 2817 1057 2901; x_wconf 84' lang='lat' dir='ltr'><strong>dixerint,</strong></span> <span class='ocrx_word' id='word_1_89' title='bbox 1078 2825 1201 2886; x_wconf 82' lang='lat' dir='ltr'><strong>eertum</strong></span> <span class='ocrx_word' id='word_1_90' title='bbox 1223 2837 1322 2907; x_wconf 81' lang='lat' dir='ltr'><strong>quen·</strong></span> 
     </span>
     <span class='ocr_line' id='line_1_13' title="bbox 105 2920 1323 3018; baseline 0.002 -27"><span class='ocrx_word' id='word_1_91' title='bbox 105 2921 181 2991; x_wconf 87' lang='lat' dir='ltr'><strong>dam</strong></span> <span class='ocrx_word' id='word_1_92' title='bbox 209 2922 308 2991; x_wconf 82' lang='lat' dir='ltr'><strong>fuisse</strong></span> <span class='ocrx_word' id='word_1_93' title='bbox 335 2920 508 3015; x_wconf 89' lang='lat' dir='ltr'><strong>populum,</strong></span> <span class='ocrx_word' id='word_1_94' title='bbox 538 2924 578 2992; x_wconf 85' lang='lat' dir='ltr'><strong>ab</strong></span> <span class='ocrx_word' id='word_1_95' title='bbox 600 2926 709 3018; x_wconf 86' lang='lat' dir='ltr'><strong>eisque</strong></span> <span class='ocrx_word' id='word_1_96' title='bbox 738 2929 791 3018; x_wconf 92' lang='lat' dir='ltr'><strong>qui</strong></span> <span class='ocrx_word' id='word_1_97' title='bbox 813 2927 1011 2998; x_wconf 88' lang='lat' dir='ltr'><strong>Herodotum</strong></span> <span class='ocrx_word' id='word_1_98' title='bbox 1033 2930 1134 2996; x_wconf 78' lang='lat' dir='ltr'><strong>secuti</strong></span> <span class='ocrx_word' id='word_1_99' title='bbox 1155 2929 1217 2995; x_wconf 86' lang='lat' dir='ltr'><strong>sint</strong></span> <span class='ocrx_word' id='word_1_100' title='bbox 1243 2925 1323 3017; x_wconf 84' lang='lat' dir='ltr'><strong>iiip-</strong></span> 
     </span>
     <span class='ocr_line' id='line_1_14' title="bbox 105 3031 1321 3128; baseline 0.002 -28"><span class='ocrx_word' id='word_1_101' title='bbox 105 3043 237 3127; x_wconf 84' lang='lat' dir='ltr'><strong>poorate</strong></span> <span class='ocrx_word' id='word_1_102' title='bbox 259 3043 291 3103; x_wconf 87' lang='lat' dir='ltr'><strong>et</strong></span> <span class='ocrx_word' id='word_1_103' title='bbox 312 3031 439 3124; x_wconf 84' lang='lat' dir='ltr'><strong>Ephoro</strong></span> <span class='ocrx_word' id='word_1_104' title='bbox 462 3054 558 3100; x_wconf 90' lang='lat' dir='ltr'><strong>unam</strong></span> <span class='ocrx_word' id='word_1_105' title='bbox 581 3044 754 3101; x_wconf 83' lang='lat' dir='ltr'><strong>etcertum</strong></span> <span class='ocrx_word' id='word_1_106' title='bbox 775 3040 935 3105; x_wconf 89' lang='lat' dir='ltr'><strong>nationem</strong></span> <span class='ocrx_word' id='word_1_107' title='bbox 956 3037 1142 3128; x_wconf 78' lang='lat' dir='ltr'><strong>Scythicam</strong></span> <span class='ocrx_word' id='word_1_108' title='bbox 1168 3059 1241 3104; x_wconf 86' lang='lat' dir='ltr'><strong>esse</strong></span> <span class='ocrx_word' id='word_1_109' title='bbox 1261 3057 1321 3103; x_wconf 85' lang='lat' dir='ltr'><strong>vo·</strong></span> 
     </span>
     <span class='ocr_line' id='line_1_15' title="bbox 107 3142 1321 3239; baseline 0.002 -26"><span class='ocrx_word' id='word_1_110' title='bbox 107 3155 226 3229; x_wconf 82' lang='lat' dir='ltr'><strong>eatam3</strong></span> <span class='ocrx_word' id='word_1_111' title='bbox 249 3142 439 3212; x_wconf 82' lang='lat' dir='ltr'><strong>Strabonem</strong></span> <span class='ocrx_word' id='word_1_112' title='bbox 462 3164 553 3227; x_wconf 87' lang='lat' dir='ltr'><strong>vero,</strong></span> <span class='ocrx_word' id='word_1_113' title='bbox 575 3145 667 3212; x_wconf 85' lang='lat' dir='ltr'><strong>ouius</strong></span> <span class='ocrx_word' id='word_1_114' title='bbox 690 3153 794 3212; x_wconf 85' lang='lat' dir='ltr'><strong>aetate</strong></span> <span class='ocrx_word' id='word_1_115' title='bbox 814 3144 963 3239; x_wconf 83' lang='lat' dir='ltr'><strong>reliquiae</strong></span> <span class='ocrx_word' id='word_1_116' title='bbox 984 3157 1107 3216; x_wconf 84' lang='lat' dir='ltr'><strong>tantum</strong></span> <span class='ocrx_word' id='word_1_117' title='bbox 1128 3145 1321 3236; x_wconf 78' lang='lat' dir='ltr'><strong>Scytharum</strong></span> 
     </span>
     <span class='ocr_line' id='line_1_16' title="bbox 106 3253 1321 3350; baseline 0.002 -27"><span class='ocrx_word' id='word_1_118' title='bbox 106 3253 138 3323; x_wconf 89' lang='lat' dir='ltr'><strong>in</strong></span> <span class='ocrx_word' id='word_1_119' title='bbox 159 3255 292 3348; x_wconf 90' lang='lat' dir='ltr'><strong>antiquis</strong></span> <span class='ocrx_word' id='word_1_120' title='bbox 315 3253 442 3322; x_wconf 85' lang='lat' dir='ltr'><strong>sedibus</strong></span> <span class='ocrx_word' id='word_1_121' title='bbox 463 3254 671 3344; x_wconf 85' lang='lat' dir='ltr'><strong>vagabantur,</strong></span> <span class='ocrx_word' id='word_1_122' title='bbox 693 3276 804 3324; x_wconf 87' lang='lat' dir='ltr'><strong>omnes</strong></span> <span class='ocrx_word' id='word_1_123' title='bbox 826 3256 963 3350; x_wconf 87' lang='lat' dir='ltr'><strong>populos</strong></span> <span class='ocrx_word' id='word_1_124' title='bbox 985 3259 1031 3327; x_wconf 85' lang='lat' dir='ltr'><strong>eis</strong></span> <span class='ocrx_word' id='word_1_125' title='bbox 1053 3267 1086 3326; x_wconf 87' lang='lat' dir='ltr'><strong>et</strong></span> <span class='ocrx_word' id='word_1_126' title='bbox 1105 3264 1191 3326; x_wconf 73' lang='lat' dir='ltr'><strong>uano</strong></span> <span class='ocrx_word' id='word_1_127' title='bbox 1212 3254 1321 3326; x_wconf 87' lang='lat' dir='ltr'><strong>Maeo-</strong></span> 
     </span>
     <span class='ocr_line' id='line_1_17' title="bbox 106 3363 1322 3458; baseline 0.001 -25"><span class='ocrx_word' id='word_1_128' title='bbox 106 3365 183 3433; x_wconf 86' lang='lat' dir='ltr'><strong>tiam</strong></span> <span class='ocrx_word' id='word_1_129' title='bbox 204 3363 355 3456; x_wconf 81' lang='lat' dir='ltr'><strong>paludem</strong></span> <span class='ocrx_word' id='word_1_130' title='bbox 377 3364 553 3433; x_wconf 76' lang='lat' dir='ltr'><strong>habitantes</strong></span> <span class='ocrx_word' id='word_1_131' title='bbox 576 3364 805 3457; x_wconf 79' lang='lat' dir='ltr'><strong>geographico,</strong></span> <span class='ocrx_word' id='word_1_132' title='bbox 826 3377 862 3437; x_wconf 86' lang='lat' dir='ltr'><strong>ut</strong></span> <span class='ocrx_word' id='word_1_133' title='bbox 882 3369 925 3436; x_wconf 92' lang='lat' dir='ltr'><strong>ita</strong></span> <span class='ocrx_word' id='word_1_134' title='bbox 948 3367 1064 3453; x_wconf 86' lang='lat' dir='ltr'><strong>dicam,</strong></span> <span class='ocrx_word' id='word_1_135' title='bbox 1091 3368 1218 3439; x_wconf 90' lang='lat' dir='ltr'><strong>nomine</strong></span> <span class='ocrx_word' id='word_1_136' title='bbox 1238 3364 1322 3458; x_wconf 80' lang='lat' dir='ltr'><strong>Sey.-</strong></span> 
     </span>
     <span class='ocr_line' id='line_1_18' title="bbox 106 3476 1320 3572; baseline 0.002 -27"><span class='ocrx_word' id='word_1_137' title='bbox 106 3476 178 3545; x_wconf 86' lang='lat' dir='ltr'><strong>thas</strong></span> <span class='ocrx_word' id='word_1_138' title='bbox 214 3499 351 3546; x_wconf 85' lang='lat' dir='ltr'><strong>vocasse</strong></span> <span class='ocrx_word' id='word_1_139' title='bbox 367 3478 405 3561; x_wconf 88' lang='lat'><strong>¹),</strong></span> <span class='ocrx_word' id='word_1_140' title='bbox 444 3477 487 3544; x_wconf 87' lang='lat' dir='ltr'><strong>ita</strong></span> <span class='ocrx_word' id='word_1_141' title='bbox 524 3486 631 3544; x_wconf 88' lang='lat' dir='ltr'><strong>tamen</strong></span> <span class='ocrx_word' id='word_1_142' title='bbox 666 3485 702 3543; x_wconf 87' lang='lat' dir='ltr'><strong>ut</strong></span> <span class='ocrx_word' id='word_1_143' title='bbox 739 3477 881 3570; x_wconf 85' lang='lat' dir='ltr'><strong>singulos</strong></span> <span class='ocrx_word' id='word_1_144' title='bbox 917 3477 1053 3572; x_wconf 86' lang='lat' dir='ltr'><strong>populos</strong></span> <span class='ocrx_word' id='word_1_145' title='bbox 1089 3479 1320 3547; x_wconf 72' lang='lat' dir='ltr'><strong>interposuerat</strong></span> 
     </span>
     <span class='ocr_line' id='line_1_19' title="bbox 106 3585 1321 3682; baseline -0.001 -23"><span class='ocrx_word' id='word_1_146' title='bbox 106 3590 312 3682; x_wconf 76' lang='lat' dir='ltr'><strong>Quamquam</strong></span> <span class='ocrx_word' id='word_1_147' title='bbox 333 3587 426 3677; x_wconf 81' lang='lat' dir='ltr'><strong>igitur</strong></span> <span class='ocrx_word' id='word_1_148' title='bbox 447 3596 479 3654; x_wconf 88' lang='lat' dir='ltr'><strong>et</strong></span> <span class='ocrx_word' id='word_1_149' title='bbox 494 3585 619 3655; x_wconf 85' lang='lat' dir='ltr'><strong>Tauros</strong></span> <span class='ocrx_word' id='word_1_150' title='bbox 642 3597 674 3656; x_wconf 86' lang='lat' dir='ltr'><strong>et</strong></span> <span class='ocrx_word' id='word_1_151' title='bbox 695 3587 858 3656; x_wconf 88' lang='lat' dir='ltr'><strong>Sarmatas</strong></span> <span class='ocrx_word' id='word_1_152' title='bbox 882 3587 1023 3680; x_wconf 85' lang='lat' dir='ltr'><strong>Scythas</strong></span> <span class='ocrx_word' id='word_1_153' title='bbox 1044 3589 1192 3672; x_wconf 87' lang='lat' dir='ltr'><strong>nominat,</strong></span> <span class='ocrx_word' id='word_1_154' title='bbox 1214 3596 1321 3658; x_wconf 87' lang='lat' dir='ltr'><strong>tamen</strong></span> 
     </span>
     <span class='ocr_line' id='line_1_20' title="bbox 108 3693 1321 3797; baseline 0.003 -34"><span class='ocrx_word' id='word_1_155' title='bbox 108 3693 234 3764; x_wconf 76' lang='lat' dir='ltr'><strong>Tauros</strong></span> <span class='ocrx_word' id='word_1_156' title='bbox 255 3709 353 3792; x_wconf 88' lang='lat' dir='ltr'><strong>atque</strong></span> <span class='ocrx_word' id='word_1_157' title='bbox 367 3694 534 3797; x_wconf 72' lang='lat' dir='ltr'><strong>Sarmatas</strong></span> <span class='ocrx_word' id='word_1_158' title='bbox 549 3719 613 3766; x_wconf 89' lang='lat' dir='ltr'><strong>non</strong></span> <span class='ocrx_word' id='word_1_159' title='bbox 627 3720 725 3767; x_wconf 92' lang='lat' dir='ltr'><strong>unum</strong></span> <span class='ocrx_word' id='word_1_160' title='bbox 741 3698 940 3789; x_wconf 87' lang='lat' dir='ltr'><strong>eundemque</strong></span> <span class='ocrx_word' id='word_1_161' title='bbox 961 3698 1115 3792; x_wconf 92' lang='lat' dir='ltr'><strong>populum</strong></span> <span class='ocrx_word' id='word_1_162' title='bbox 1129 3719 1201 3767; x_wconf 83' lang='lat' dir='ltr'><strong>esee</strong></span> <span class='ocrx_word' id='word_1_163' title='bbox 1222 3708 1321 3790; x_wconf 87' lang='lat' dir='ltr'><strong>putat,</strong></span> 
     </span>
     <span class='ocr_line' id='line_1_21' title="bbox 107 3805 1321 3901; baseline 0.004 -25"><span class='ocrx_word' id='word_1_164' title='bbox 107 3805 166 3876; x_wconf 86' lang='lat' dir='ltr'><strong>sed</strong></span> <span class='ocrx_word' id='word_1_165' title='bbox 187 3807 327 3877; x_wconf 85' lang='lat' dir='ltr'><strong>diversos</strong></span> <span class='ocrx_word' id='word_1_166' title='bbox 349 3830 422 3876; x_wconf 84' lang='lat' dir='ltr'><strong>esse</strong></span> <span class='ocrx_word' id='word_1_167' title='bbox 448 3828 511 3877; x_wconf 90' lang='lat' dir='ltr'><strong>non</strong></span> <span class='ocrx_word' id='word_1_168' title='bbox 533 3810 666 3899; x_wconf 82' lang='lat' dir='ltr'><strong>ignorat.</strong></span> <span class='ocrx_word' id='word_1_169' title='bbox 720 3808 761 3877; x_wconf 85' lang='lat' dir='ltr'><strong>Et</strong></span> <span class='ocrx_word' id='word_1_170' title='bbox 788 3813 830 3878; x_wconf 88' lang='lat' dir='ltr'><strong>ita</strong></span> <span class='ocrx_word' id='word_1_171' title='bbox 856 3832 967 3879; x_wconf 88' lang='lat' dir='ltr'><strong>omnes</strong></span> <span class='ocrx_word' id='word_1_172' title='bbox 999 3809 1052 3901; x_wconf 92' lang='lat' dir='ltr'><strong>qui</strong></span> <span class='ocrx_word' id='word_1_173' title='bbox 1077 3818 1152 3900; x_wconf 85' lang='lat' dir='ltr'><strong>post</strong></span> <span class='ocrx_word' id='word_1_174' title='bbox 1183 3832 1259 3878; x_wconf 87' lang='lat' dir='ltr'><strong>eum</strong></span> <span class='ocrx_word' id='word_1_175' title='bbox 1280 3811 1321 3881; x_wconf 80' lang='lat' dir='ltr'><strong>ule</strong></span> 
     </span>
     <span class='ocr_line' id='line_1_22' title="bbox 105 3915 1322 4013; baseline 0.003 -27"><span class='ocrx_word' id='word_1_176' title='bbox 105 3915 167 3986; x_wconf 82' lang='lat' dir='ltr'><strong>iilis</strong></span> <span class='ocrx_word' id='word_1_177' title='bbox 187 3918 313 4012; x_wconf 82' lang='lat' dir='ltr'><strong>populis</strong></span> <span class='ocrx_word' id='word_1_178' title='bbox 335 3923 525 4013; x_wconf 84' lang='lat' dir='ltr'><strong>scripserunt</strong></span> <span class='ocrx_word' id='word_1_179' title='bbox 546 3917 649 3987; x_wconf 83' lang='lat' dir='ltr'><strong>Latini</strong></span> <span class='ocrx_word' id='word_1_180' title='bbox 676 3929 707 3986; x_wconf 85' lang='lat' dir='ltr'><strong>et</strong></span> <span class='ocrx_word' id='word_1_181' title='bbox 729 3919 858 4006; x_wconf 83' lang='lat' dir='ltr'><strong>Graeci,</strong></span> <span class='ocrx_word' id='word_1_182' title='bbox 889 3921 1031 3991; x_wconf 87' lang='lat' dir='ltr'><strong>nationes</strong></span> <span class='ocrx_word' id='word_1_183' title='bbox 1056 3941 1138 4011; x_wconf 82' lang='lat' dir='ltr'><strong>quas</strong></span> <span class='ocrx_word' id='word_1_184' title='bbox 1159 3919 1271 4013; x_wconf 85' lang='lat' dir='ltr'><strong>lingua-</strong></span> <span class='ocrx_word' id='word_1_185' title='bbox 1288 3930 1322 3990; x_wconf 85' lang='lat' dir='ltr'><strong>et</strong></span> 
     </span>
     <span class='ocr_line' id='line_1_23' title="bbox 104 4029 1321 4124; baseline 0.002 -26"><span class='ocrx_word' id='word_1_186' title='bbox 104 4029 247 4098; x_wconf 89' lang='lat' dir='ltr'><strong>moribus</strong></span> <span class='ocrx_word' id='word_1_187' title='bbox 275 4030 416 4099; x_wconf 89' lang='lat' dir='ltr'><strong>diversas</strong></span> <span class='ocrx_word' id='word_1_188' title='bbox 445 4030 624 4100; x_wconf 83' lang='lat' dir='ltr'><strong>describunt</strong></span> <span class='ocrx_word' id='word_1_189' title='bbox 656 4033 815 4098; x_wconf 85' lang='lat' dir='ltr'><strong>communi</strong></span> <span class='ocrx_word' id='word_1_190' title='bbox 842 4029 1055 4123; x_wconf 83' lang='lat' dir='ltr'><strong>geographico</strong></span> <span class='ocrx_word' id='word_1_191' title='bbox 1081 4031 1208 4107; x_wconf 87' lang='lat' dir='ltr'><strong>nomine</strong></span> <span class='ocrx_word' id='word_1_192' title='bbox 1237 4031 1321 4124; x_wconf 81' lang='lat' dir='ltr'>Scy·</span> 
     </span>
     <span class='ocr_line' id='line_1_24' title="bbox 105 4137 1320 4236; baseline 0.002 -28"><span class='ocrx_word' id='word_1_193' title='bbox 105 4137 176 4209; x_wconf 88' lang='lat' dir='ltr'><strong>thas</strong></span> <span class='ocrx_word' id='word_1_194' title='bbox 199 4141 368 4233; x_wconf 85' lang='lat' dir='ltr'><strong>appellant.</strong></span> <span class='ocrx_word' id='word_1_195' title='bbox 412 4141 477 4208; x_wconf 88' lang='lat' dir='ltr'><strong>Eos</strong></span> <span class='ocrx_word' id='word_1_196' title='bbox 501 4151 630 4209; x_wconf 88' lang='lat' dir='ltr'><strong>secutus</strong></span> <span class='ocrx_word' id='word_1_197' title='bbox 645 4140 811 4209; x_wconf 76' lang='lat' dir='ltr'><strong>Toxandis</strong></span> <span class='ocrx_word' id='word_1_198' title='bbox 834 4143 967 4234; x_wconf 84' lang='lat' dir='ltr'><strong>scriptor</strong></span> <span class='ocrx_word' id='word_1_199' title='bbox 987 4165 1045 4236; x_wconf 88' lang='lat' dir='ltr'><strong>pro</strong></span> <span class='ocrx_word' id='word_1_200' title='bbox 1066 4140 1171 4212; x_wconf 84' lang='lat' dir='ltr'><strong>indole</strong></span> <span class='ocrx_word' id='word_1_201' title='bbox 1193 4163 1252 4209; x_wconf 91' lang='lat' dir='ltr'><strong>sua</strong></span> <span class='ocrx_word' id='word_1_202' title='bbox 1271 4143 1320 4210; x_wconf 88' lang='lat' dir='ltr'><strong>in·</strong></span> 
     </span>
     <span class='ocr_line' id='line_1_25' title="bbox 105 4248 1320 4346; baseline 0.003 -29"><span class='ocrx_word' id='word_1_203' title='bbox 105 4248 266 4343; x_wconf 80' lang='lat' dir='ltr'><strong>aptissima</strong></span> <span class='ocrx_word' id='word_1_204' title='bbox 296 4249 444 4344; x_wconf 85' lang='lat' dir='ltr'><strong>protulit3</strong></span> <span class='ocrx_word' id='word_1_205' title='bbox 483 4272 558 4318; x_wconf 91' lang='lat' dir='ltr'><strong>cum</strong></span> <span class='ocrx_word' id='word_1_206' title='bbox 591 4253 673 4321; x_wconf 86' lang='lat' dir='ltr'><strong>enim</strong></span> <span class='ocrx_word' id='word_1_207' title='bbox 708 4251 833 4321; x_wconf 84' lang='lat' dir='ltr'><strong>Tauros</strong></span> <span class='ocrx_word' id='word_1_208' title='bbox 860 4251 1104 4346; x_wconf 84' lang='lat' dir='ltr'><strong>Taurorumque</strong></span> <span class='ocrx_word' id='word_1_209' title='bbox 1136 4250 1256 4322; x_wconf 85' lang='lat' dir='ltr'><strong>vicinos</strong></span> <span class='ocrx_word' id='word_1_210' title='bbox 1288 4252 1320 4321; x_wconf 89' lang='lat' dir='ltr'><strong>in</strong></span> 
     </span>
    </p>
   </div>
   <div class='ocr_carea' id='block_1_4' title="bbox 152 4490 1115 4652">
    <p class='ocr_par' dir='ltr' id='par_1_4' title="bbox 152 4490 1115 4652">
     <span class='ocr_line' id='line_1_26' title="bbox 181 4490 686 4589; baseline 0.012 -43"><span class='ocrx_word' id='word_1_211' title='bbox 181 4490 201 4558; x_wconf 86' lang='lat'><strong>¹)</strong></span> <span class='ocrx_word' id='word_1_212' title='bbox 221 4493 262 4548; x_wconf 77' lang='lat' dir='ltr'><strong>(tt.</strong></span> <span class='ocrx_word' id='word_1_213' title='bbox 280 4495 372 4550; x_wconf 79' lang='lat' dir='ltr'><strong>Neam.</strong></span> <span class='ocrx_word' id='word_1_214' title='bbox 390 4496 410 4551; x_wconf 85' lang='lat'><strong>1.</strong></span> <span class='ocrx_word' id='word_1_215' title='bbox 428 4512 452 4549; x_wconf 85' lang='lat' dir='ltr'><strong>a.</strong></span> <span class='ocrx_word' id='word_1_216' title='bbox 470 4511 497 4565; x_wconf 79' lang='lat' dir='ltr'><strong>p.</strong></span> <span class='ocrx_word' id='word_1_217' title='bbox 508 4493 560 4552; x_wconf 81' lang='lat'><strong>106</strong></span> <span class='ocrx_word' id='word_1_218' title='bbox 569 4511 643 4567; x_wconf 83' lang='lat' dir='ltr'><strong>seqq.</strong></span> <span class='ocrx_word' id='word_1_219' title='bbox 682 4578 686 4589; x_wconf 60' lang='lat'><em>„</em></span> 
     </span>
     <span class='ocr_line' id='line_1_27' title="bbox 152 4587 1115 4652; baseline 0.012 -12"><span class='ocrx_word' id='word_1_220' title='bbox 152 4596 321 4651; x_wconf 73' lang='lat' dir='ltr'><strong>uuuuenuag,</strong></span> <span class='ocrx_word' id='word_1_221' title='bbox 345 4599 503 4643; x_wconf 71' lang='lat' dir='ltr'><strong>denanarius.</strong></span> <span class='ocrx_word' id='word_1_222' title='bbox 1094 4587 1115 4652; x_wconf 83' lang='grc'>7</span> 
     </span>
    </p>
   </div>
   <div class='ocr_carea' id='block_1_5' title="bbox 0 0 1434 4920">
    <p class='ocr_par' dir='ltr' id='par_1_5' title="bbox 0 0 1434 4920">
     <span class='ocr_line' id='line_1_28' title="bbox 0 0 1434 4920; baseline 0 0"><span class='ocrx_word' id='word_1_223' title='bbox 0 0 1434 4920; x_wconf 95' lang='lat' dir='ltr'><strong> </strong></span> 
     </span>
    </p>
   </div>
  </div>
 </body>
</html>
