2856 4906
735 215 789 288 2,

154 389 217 461 iarn
247 397 339 458 antea
370 399 531 458 narratum
563 391 618 473 sit,
655 391 739 458 viros
773 388 921 458 militares
955 399 1010 457 aut
1042 391 1164 458 occisos
1196 399 1252 459 aut
1277 391 1374 458 vivos

155 509 265 592 captos
288 523 374 583 esse,
401 502 458 568 nisi
480 502 533 590 qni
558 501 674 568 llumen
697 510 884 568 tranassent.

242 609 308 678 Sed
330 620 364 677 ut
386 610 425 678 de
448 610 588 702 singulis,
611 633 692 701 quos
709 609 848 701 Scythes
870 611 1026 702 produxit,
1049 611 1221 678 amicorum
1243 609 1374 701 paribus

155 720 308 790 disserere
331 721 512 812 aggrediar,
536 743 618 811 quae
640 723 742 811 capite
766 720 827 789 XL
849 731 1046 802 enarrantur,
1068 722 1202 811 permira
1225 730 1314 803 sunt,
1337 731 1377 789 ut

155 831 315 924 pleraque,
337 855 420 922 quac
441 833 471 898 in
490 830 647 899 Toxaride
664 830 820 920 leguntur.
864 831 998 899 Exaudit
1017 831 1107 912 enim,
1131 852 1158 896 ο.
1169 829 1229 898 XL
1245 837 1287 922 (p.
1299 832 1376 913 238,

157 945 264 1030 1-2),
287 941 455 1009 Amizocan
473 943 609 1009 ornicum
627 939 809 1024 Dandamis,
836 942 945 1022 Tanai,
969 940 1033 1008 lato
1050 941 1178 1009 flumine
1200 941 1377 1008 disiunctus

156 1056 186 1122 in
220 1063 337 1144 magno
372 1050 589 1142 praedantium
627 1051 780 1135 tumultn3
814 1062 882 1120 tum
915 1053 1010 1136 (238,
1032 1027 1089 1134 lh)
1123 1049 1223 1118 oculis
1252 1052 1376 1119 effossis

156 1163 308 1233 caecitate
329 1185 391 1229 non
414 1162 589 1251 impeditur,
612 1162 781 1251 quominus
799 1163 917 1229 flumen
938 1170 1041 1228 tranet
1053 1166 1089 1246 ³¹).
1133 1159 1248 1252 Neque
1269 1161 1376 1229 minus

154 1271 306 1343 mirabilia
334 1281 408 1338 sunt
436 1269 531 1352 haec,
559 1294 641 1369 quae
669 1271 779 1339 deinde
808 1273 952 1339 evenisse
967 1272 1132 1339 dicuntur:
1168 1269 1376 1339 Dandamidis

156 1385 243 1453 fortis
272 1384 394 1449 animus
418 1383 646 1473 egregiumque
674 1384 795 1449 lacinus
819 1383 957 1472 Scythas
981 1383 1020 1450 de
1047 1381 1138 1451 clade
1160 1379 1378 1463 consolantur,

156 1519 220 1586 qua
242 1493 366 1561 dimidia
393 1516 466 1583 pars
488 1492 596 1583 populi
619 1494 744 1575 interiit,
773 1494 937 1561 Sarmatas
961 1516 1036 1561 vero
1057 1496 1100 1561 ita
1125 1500 1309 1584 perterrent,
1338 1501 1377 1558 ut

155 1615 250 1674 nocte
272 1603 381 1671 oborta
405 1601 552 1693 plaustris
577 1602 764 1686 cornhustis,
792 1603 995 1694 plurimisque
1021 1607 1171 1674 armentis
1192 1601 1306 1670 relictis
1328 1601 1378 1667 el·

157 1717 228 1784 iuso
252 1736 348 1781 cursu
370 1714 493 1801 lugiunt
513 1724 705 1795 metuentes,
735 1738 774 1781 ne
797 1717 821 1781 si
848 1737 925 1784 cum
947 1713 1076 1805 Scythis
1105 1714 1144 1780 ad
1166 1734 1309 1803 pugnam
1329 1710 1379 1777 in·

157 1827 283 1895 stnrctis
306 1827 485 1915 paratisque
501 1825 755 1916 congrediantur,
777 1825 899 1892 cladem
915 1826 1077 1916 accipiant.
1122 1823 1197 1905 Sed,
1217 1831 1254 1888 ut
1275 1819 1379 1891 mulla

156 1935 219 2006 alia
246 1937 403 2018 omittam,
431 1959 514 2026 quae
536 1937 639 2026 inepte
670 1938 849 2027 excogitata
877 1945 966 2017 sunt,
996 1958 1069 2003 cum
1096 1935 1211 2002 llnvius
1238 1955 1379 2032 magnus

156 2049 360 2127 interflueret,
386 2069 489 2137 neque
518 2045 658 2136 Scythae
691 2047 816 2117 dimidia
841 2055 930 2137 parte
959 2043 1067 2136 populi
1093 2067 1192 2136 prope
1214 2042 1254 2110 ad
1281 2043 1379 2111 inter·

157 2159 322 2229 necionem
351 2156 479 2225 redacta
517 2158 546 2224 id
575 2166 719 2246 agerent,
752 2166 788 2223 ut
817 2155 952 2224 Tanaim
992 2157 1178 2244 transgressi
1211 2153 1379 2223 Sarmatas

158 2269 366 2348 adorirentur,
395 2268 467 2359 quid
498 2265 556 2334 hos
583 2269 759 2358 impedivit,
787 2269 956 2358 quominus
983 2288 1045 2332 non
1068 2264 1204 2333 lacessiti
1238 2264 1323 2333 lente
1346 2276 1381 2333 et

158 2379 288 2445 ordinati
305 2398 380 2445 cum
393 2379 511 2469 praeda
527 2401 562 2444 se
577 2378 775 2468 reciperent?
819 2377 903 2444 Cum
919 2376 981 2444 hoc
997 2378 1091 2468 igitur
1111 2377 1207 2467 fugae
1222 2373 1378 2444 miraculo

158 2511 199 2557 ne
209 2487 405 2557 Sancheribii
421 2488 547 2578 quidem
562 2490 639 2579 luga
650 2489 824 2580 comparari
836 2497 951 2579 potest,
968 2511 1064 2579 quem
1073 2510 1205 2577 campus
1223 2509 1379 2576 equorum

157 2597 285 2688 ungulis
310 2621 457 2688 quassus,
479 2622 593 2688 gressu
606 2599 746 2688 peditum
766 2599 857 2680 ictus,
876 2623 1022 2678 ‚munnur
1037 2621 1192 2666 cornuum
1213 2595 1380 2669 lituorumv

159 2732 222 2799 que
244 2710 391 2799 strepitus
413 2709 560 2776 terruisse
582 2708 735 2776 dicuntur.

243 2820 362 2886 Contra
385 2819 645 2887 consuetudinem
669 2831 774 2888 autem
798 2819 911 2887 Graeci
940 2819 1092 2886 sermonis
1120 2817 1194 2885 rnihi
1225 2818 1306 2885 dicta
1331 2821 1380 2886 vi·

159 2929 273 3001 dentur
294 2928 374 2995 haec
402 2951 428 2995 c.
447 2927 522 2996 XLl
544 2931 639 3012 (239,
654 2931 728 3017 23):
759 2929 995 3020 λογιζομένους
1022 2928 1109 3017 πρὸς
1137 2927 1232 3010 οἵους
1254 2923 1381 3022 ἄνδρας

160 3037 198 3110 ἐκ
220 3044 435 3132 παρασκευῆς
454 3044 655 3126 μαχοῦνται·
696 3063 770 3108 narn
799 3042 896 3109 verba
919 3037 955 3110 ἐκ
978 3044 1193 3131 παρασκευῆς
1220 3062 1382 3132 gramma·

160 3153 221 3222 tice
243 3151 284 3218 acl
305 3152 485 3217 subiectum
505 3153 666 3219 referenda
683 3161 766 3234 sunt,
789 3162 883 3242 atque
905 3153 947 3218 ita
969 3152 1050 3219 haec
1065 3150 1197 3219 efficitur
1212 3151 1381 3219 sententia:

159 3270 360 3352 „reputantes
389 3283 507 3344 secum,
534 3282 608 3328 cum
632 3260 776 3352 qualibus
800 3264 872 3328 viris
901 3263 999 3352 parati
1025 3263 1239 3352 instructique·
1258 3281 1382 3351 pugna·

160 3375 221 3441 turi
244 3380 384 3454 essent“;
407 3395 481 3440 cum
503 3374 687 3462 scriptorem
710 3382 862 3464 appareat
884 3371 945 3438 hoc
966 3371 1107 3439 voluisse
1124 3371 1242 3439 dicere:
1265 3392 1384 3459 „repu-

161 3493 273 3566 tantes,
296 3505 371 3550 cum
393 3483 537 3574 qualibus
555 3485 720 3552 Sarmatae
728 3485 818 3564 siris,
842 3506 916 3550 cum
937 3483 966 3550 ei
988 3481 1142 3571 (Scythae
1157 3477 1315 3563 videlieet)
1336 3481 1386 3547 in·

162 3597 271 3662 structi
294 3594 456 3685 paratique
478 3596 617 3677 luissent,
640 3595 807 3686 pugnaturi
830 3602 944 3662 essent.

172 3760 176 3765 .
250 3708 434 3798 Septimam,
458 3730 540 3798 quae
555 3708 707 3797 sequitur,
729 3706 937 3773 narrationem
954 3708 1036 3793 (cap.
1049 3698 1166 3783 XLllll
1189 3697 1295 3764 fictam
1311 3722 1388 3768 esse

95 3901 99 3904 ι
164 3828 279 3898 ex‘eo,
303 3817 387 3908 quod
409 3820 439 3885 in
462 3817 595 3906 Scythia
622 3817 732 3884 leones
753 3840 815 3884 non
838 3825 929 3895 sunt,
953 3809 1173 3880 intellexerunt
1194 3831 1304 3876 omnes
1328 3832 1388 3876 ex·

164 3936 258 4018 cepto
271 3926 296 3993 F
297 3929 442 4019 orbigero
455 3936 504 4016 **),
528 3930 581 4018 qui
597 3951 637 3994 ex
652 3950 690 3994 ea
708 3925 844 4017 collegit,
867 3922 1032 4012 Scythiam
1050 3918 1124 3989 olim
1136 3921 1244 3990 leones
1257 3918 1390 4004 aluisse,

166 4069 362 4082 m-

236 4156 263 4223 l)
291 4158 350 4209 Nou
368 4155 455 4219 video,
474 4157 522 4222 qni
540 4162 631 4224 natare
648 4155 763 4220 Scythae
782 4152 933 4216 didicerint,
952 4153 998 4218 qui
1017 4168 1162 4218 numquam
1179 4153 1208 4202 in
1225 4148 1389 4201 fluminibus

166 4248 252 4299 lavari
267 4246 387 4297 solerent.
401 4244 499 4296 Herod.
512 4244 559 4309 1v,
572 4248 615 4296 75.
636 4238 668 4294 ori
687 4239 741 4310 γὰρ
761 4238 794 4308 dr)
813 4240 926 4293 λοῦνται
943 4235 1024 4292 ὕδατι
1040 4234 1221 4311 τοπαράπαν
1238 4231 1269 4287 sd
1289 4234 1388 4305 σῶμα·

167 4336 201 4387 uf.
219 4336 366 4396 Neumrurn,
385 4333 428 4384 die
445 4332 575 4384 Hellenen
595 4332 632 4382 im
649 4329 845 4398 Scythenlande
862 4346 889 4396 p.
903 4333 962 4382 294.
1032 4374 1034 4379 ,

168 4418 171 4425 ’
239 4421 283 4487 aa)
321 4421 408 4487 Pauly
437 4418 734 4487 Real·Rneyclopaedie
764 4419 810 4473 der
843 4418 1005 4473 classischen
1038 4410 1393 4467 Alterthumsuissensehaft

159 4523 187 4565 Ι,
205 4511 329 4561 Sarmata
340 4508 413 4576 Vl,l
432 4525 459 4578 p.
473 4511 524 4564 773
541 4524 570 4561 r.
585 4513 628 4564 21.
