2856 4906
664 251 684 314 3

65 425 146 490 enim
181 422 328 488 arbitrum
364 421 542 485 certaminis
578 418 728 508 deligunt.
778 418 914 486 Prolatis
947 423 1041 511 igitur
1072 421 1111 485 ab
1145 432 1278 512 utroque

19 555 23 561 ·
66 534 201 622 quinque
217 533 390 597 amicorum
405 529 532 618 paribus
548 550 641 595 nemo
665 538 722 607 est,
746 531 798 619 qui
822 529 860 595 de
875 531 1003 595 victoria
1021 530 1178 596 arbitrium
1195 543 1277 620 agat.

64 645 106 707 At
132 662 205 707 cum
240 660 384 704 sermone
418 637 524 703 babitu
559 637 637 703 alter
665 636 795 702 alterurn
825 637 953 727 dignum
983 662 1053 705 esse
1086 643 1278 729 cognoverit,

66 773 159 838 quern
182 749 239 813 sibi
262 753 395 813 amicum
413 750 591 834 coniungat,
613 747 670 835 ipsi
686 748 855 813 certamine
878 750 994 814 omisso
1011 749 1178 815 amicitiam
1199 751 1278 816 inter

64 881 99 924 se
115 858 288 923 conciliant.
333 856 438 943 Quid?
472 878 575 921 nonne
596 854 658 920 hoc
672 867 801 944 pactum
822 867 887 922 tam
903 858 1083 935 absurdum,
1106 868 1169 924 tam
1186 884 1277 949 prae·

63 981 189 1059 postere
211 969 344 1048 lactum,
368 978 432 1033 tam
454 968 558 1054 inepte
579 967 697 1031 irritum
721 967 769 1046 fit,
793 977 826 1031 ut
848 966 899 1033 vel
926 967 1005 1033 haec
1033 968 1099 1033 sola
1123 971 1198 1034 satis
1222 970 1276 1034 de·

66 1087 251 1158 monstrent,
282 1077 442 1166 dialogum
466 1078 504 1139 de
534 1077 666 1140 amicitia
690 1097 751 1141 non
776 1097 846 1139 esse
869 1075 1014 1155 Luciani,
1042 1079 1093 1165 qui
1123 1082 1275 1156 acumine,

64 1186 229 1276 elegantia,
252 1186 417 1250 dicacitate
436 1183 638 1249 excelluerit?
672 1183 738 1249 Sed
754 1187 911 1272 quoniam,
935 1184 1019 1273 quod
1035 1188 1143 1267 sciam,
1158 1211 1276 1274 eorum,

63 1298 116 1385 qui
140 1294 192 1361 vel
214 1295 254 1359 de
270 1294 407 1360 Luciano
424 1295 622 1382 scripserunt,
647 1292 696 1359 vel
714 1316 807 1382 opera
832 1296 898 1359 eius
919 1294 1089 1377 ediderunt,
1112 1295 1275 1362 Bellienus

63 1415 95 1472 et
129 1407 248 1495 primus
280 1413 311 1469 et
346 1402 433 1468 solus
464 1402 615 1469 Taxarim
643 1402 802 1492 dialogum
832 1404 988 1470 subditum
1018 1429 1088 1470 esse
1118 1407 1276 1487 intellexit,

62 1512 113 1582 alii
134 1536 211 1580 vero
234 1514 264 1579 in
286 1535 453 1578 numerum
477 1514 665 1599 optimorum
682 1511 811 1578 Luciani
833 1536 964 1603 operum
988 1539 1061 1581 eum
1078 1517 1191 1581 referre
1213 1540 1274 1582 nou

63 1625 301 1701 dubitaverunt,
329 1623 370 1687 ita
394 1629 429 1685 ut
452 1644 524 1687 cum
549 1623 687 1686 omnium
710 1623 774 1688 iere
797 1625 995 1712 saepissime,
1025 1635 1091 1690 tum
1114 1648 1275 1691 commen·

62 1735 146 1800 tariis
168 1734 198 1798 in
221 1754 314 1797 usum
330 1730 510 1797 scholarum
526 1734 696 1796 instructus
720 1733 758 1795 ab
782 1732 959 1798 bominibus
981 1734 1080 1800 doctis
1102 1735 1203 1800 editus
1227 1738 1275 1816 sit,

62 1843 102 1910 ad
125 1842 303 1932 augendam
327 1839 445 1907 scilicet
465 1863 636 1931 puerorum
657 1843 687 1906 in
711 1841 842 1908 Graecis
863 1843 970 1908 litteris
993 1845 1153 1909 scientiam
1181 1847 1272 1910 etad

62 1954 222 2042 ingenium
253 1973 362 2016 eorum
394 1952 667 2029 conformandum,
695 1952 808 2016 diutius
831 1954 860 2018 in
888 1955 1009 2042 ingrato
1037 1956 1162 2041 negotio
1186 1976 1273 2019 com·
1384 2014 1388 2020 ,

63 2064 176 2127 morari
199 2069 231 2125 et
254 2058 378 2147 dialogo
402 2060 564 2146 diligenter
586 2062 841 2149 recognoscendo
864 2062 996 2151 probare
1019 2072 1154 2152 oportet,
1178 2086 1272 2151 quam

65 2168 194 2260 puerilia
223 2179 253 2234 et
280 2171 382 2258 inepta
412 2169 712 2234 narratiuncularum
743 2179 920 2236 commenta
949 2173 1023 2251 sint,
1051 2194 1146 2259 quam
1174 2174 1273 2236 oratio

63 2279 212 2370 perplexa
236 2291 267 2345 et
282 2303 390 2369 prava,
412 2280 566 2344 inlacelae
590 2288 621 2343 et
636 2278 790 2344 absurdae
806 2281 986 2346 sententiae.
1031 2281 1134 2367 Atque
1149 2283 1191 2345 ita
1213 2281 1275 2346 hoc

62 2413 114 2456 me
137 2400 362 2456 exsecuturum
384 2411 455 2453 esse
480 2397 570 2477 puto,
599 2398 633 2453 ut
654 2410 748 2453 nemo
777 2389 857 2453 bene
882 2411 978 2454 sanus
1002 2387 1113 2454 dehinc
1136 2389 1274 2470 Luciani,

63 2498 216 2588 elegantis
239 2500 407 2589 scriptoris,
429 2497 553 2562 nomine
575 2496 725 2562 Taxarim
748 2497 914 2587 dialogum*
931 2498 1059 2587 dignum
1083 2499 1246 2564 existimet.

148 2607 336 2695 Priusquam
352 2617 456 2672 tamen
480 2606 518 2671 ad
535 2605 657 2696 singula
672 2609 928 2695 recognoscenda
947 2618 1082 2687 transeo,
1105 2609 1280 2698 generatim

63 2716 239 2797 dicendum,
263 2716 374 2806 quibus
389 2718 525 2781 maxime
547 2715 640 2780 rebus
656 2715 821 2782 Toxaridis
844 2718 976 2807 scriptor
990 2727 1164 2804 egestatem
1180 2727 1274 2805 atque

64 2829 250 2917 pravitatem
273 2827 385 2914 ingenii
413 2826 540 2913 aperiat.
592 2826 673 2891 Sunt
696 2848 772 2915 ergo
796 2826 875 2891 haec
901 2828 956 2891 tria
979 2828 1176 2916 potissimum
1199 2827 1272 2891 vitia

62 2938 129 3003 eius
151 2937 289 3025 propria:
322 2937 352 3001 in
374 2933 565 3024 proferendis
582 2937 754 3001 amicorum
775 2935 899 3023 paribus
922 2935 1069 3024 pericula,
1093 2958 1174 3025 quae
1196 2934 1273 2999 alter

64 3068 121 3136 pro
144 3043 242 3111 altero
266 3043 342 3123 adit,
363 3044 405 3108 ita
429 3053 535 3133 auget,
555 3054 589 3109 ut
612 3067 658 3124 ea,
682 3068 763 3132 quae
784 3053 960 3122 narrantur,
983 3043 1069 3109 nullo
1091 3055 1185 3132 pacto
1208 3043 1272 3108 lieri

61 3156 202 3245 potuisse
225 3163 388 3243 appareat,
420 3152 530 3218 deiude
552 3153 747 3238 gravioribus
770 3153 810 3217 ita
828 3152 998 3240 adiungere
1020 3151 1101 3217 levia
1125 3150 1215 3228 solet,
1238 3160 1273 3215 ut

62 3284 168 3328 rerum
191 3262 356 3351 descriptio
378 3264 480 3351 inepta
503 3263 557 3342 sit;
585 3269 652 3324 tum
675 3269 744 3340 aut,
772 3260 857 3350 quod
878 3262 1051 3350 pessimum
1073 3259 1273 3350 tautologiae,

63 3381 99 3437 ut
119 3372 161 3436 ita
185 3371 302 3452 dicam,
324 3393 424 3459 genus
447 3379 510 3449 est,
532 3392 769 3457 nonnumquam
791 3393 889 3436 unum
915 3350 1061 3458 idemque
1083 3380 1115 3434 ct
1141 3391 1272 3434 causam

62 3484 105 3549 rei
121 3491 151 3547 et
166 3503 233 3546 rem
255 3482 356 3570 ipsam
379 3482 474 3568 ponit,
497 3489 551 3544 aut
573 3501 654 3567 quae
677 3480 750 3566 quid
773 3479 909 3546 efficiunt
930 3501 1002 3545 curn
1026 3480 1080 3558 eis,
1103 3501 1184 3567 quae
1207 3477 1272 3543 elfi-

64 3593 195 3670 ciuntur,
217 3590 386 3657 confundit.

148 3699 202 3765 Sic
224 3722 251 3764 c.
269 3698 291 3764 l.
315 3706 361 3788 (p.
373 3700 433 3763 221
459 3701 538 3780 aa)
575 3699 771 3786 blnesippus,
805 3697 898 3787 „quid
930 3700 1131 3788 impetrare“,
1165 3698 1273 3785 inquit,

64 3808 189 3888 „abeis
212 3807 263 3888 (ab
287 3807 399 3873 Oreste
423 3818 454 3874 et
476 3806 607 3895 Pylade)
637 3805 773 3897 cupitis?
809 3829 882 3872 narn
910 3808 1147 3874 benevolentiae
1175 3827 1272 3872 causa

64 3916 108 3981 eis
130 3935 192 3980 non
216 3915 401 3998 sacrificatis,
425 3939 498 3982 cum
522 3917 635 3981 mortui
656 3916 756 3996 sint“;
784 3925 816 3980 at
837 3939 940 3982 nonne
962 3918 1012 4005 qui
1035 3917 1075 3981 ab
1099 3915 1196 3980 altero
1218 3913 1274 3979 ali·

64 4022 138 4113 quid
159 4046 216 4112 per
244 4022 357 4088 bonam
386 4026 516 4112 gratiam
545 4024 671 4113 adipisci
700 4024 820 4106 studet,
847 4025 1098 4091 benevolentiam
1128 4026 1193 4089 eius
1217 4025 1272 4088 sibi

63 4141 226 4223 comparet
249 4131 395 4219 oportet?
431 4135 532 4200 itaut
559 4133 685 4199 credere
713 4134 867 4223 quispiam
895 4143 1006 4223 queat,
1034 4136 1165 4223 gratiam
1189 4155 1272 4198 mor-

63 4251 189 4307 tuorum
217 4238 374 4306 conciliari
400 4263 509 4329 posse,
537 4242 619 4308 bona
642 4251 747 4307 autem
771 4241 810 4308 ab
835 4245 879 4307 eis
906 4243 1062 4331 impetrari
1084 4265 1146 4308 non
1168 4261 1272 4330 posse,

63 4349 206 4416 vecordis
229 4371 304 4415 vero
336 4349 468 4414 bominis
498 4352 536 4415 sit
563 4353 718 4440 cogitare,
746 4351 828 4417 bona
856 4350 964 4416 abeis
990 4352 1147 4439 impetrari
1169 4369 1273 4437 posse,

64 4459 197 4547 gratiam
230 4457 385 4526 conciliari
418 4480 480 4526 non
513 4479 622 4548 posse,
656 4460 740 4548 quod
773 4461 886 4526 mortui
922 4461 996 4539 sint;
1036 4457 1148 4524 melius
1182 4459 1275 4546 igitur·

1033 4568 1080 4626 qa
