2856 4906
685 180 727 244 78

96 347 191 438 apud
215 367 271 415 eoa
292 348 497 419 inveniantur.
536 344 659 415 Deinde
683 371 729 428 ea,
753 371 834 437 quae
857 348 940 440 apud
963 346 1185 440 Alcipbronem
1205 346 1321 425 Helio„-

104 459 278 549 dorumque
313 468 344 526 et
371 459 454 550 apud
487 457 652 526 Taxaridis
685 460 869 548 scriptorem
902 461 1083 528 communia
1111 462 1320 550 reperiuntur,

105 579 178 659 apte
201 569 282 635 dicta
306 580 337 634 et
358 572 461 657 magis
485 591 543 635 suo
565 567 637 635 loco
661 569 805 634 videntur
827 593 897 650 esse
920 573 1023 660 posita
1043 571 1126 661 apud
1150 591 1217 652 eoo,
1240 592 1321 639 con·

104 689 186 747 torta
209 690 241 746 et
262 678 363 747 alieno
388 680 458 747 loco
480 680 589 746 inferta
613 679 643 743 in
665 676 833 745 Taxaride.
883 679 1029 770 Denique
1050 681 1177 749 omnino
1198 701 1321 770 magna

105 813 145 859 ex
174 801 262 882 parte
290 792 468 857 concinnior
492 798 586 878 atque
607 789 712 878 purior
739 810 849 857 comm
878 793 975 858 oratio
1004 802 1053 859 est
1087 813 1183 881 quam
1207 788 1321 857 Toxa-

102 903 176 971 ridis
198 901 321 992 dialogi.
370 897 545 967 Verisimile
573 900 666 988 igitur
687 899 760 967 mibi
784 901 1014 984 videturesse,
1043 900 1195 969 Toxarim
1218 898 1321 969 dialo-
1361 939 1364 943 -

102 1035 179 1103 gum
208 1019 311 1078 aetate
343 1010 547 1099 posteriorem
574 1033 645 1076 esse
679 1033 774 1098 quam
802 1009 998 1102 Alciplnunis
1028 1022 1123 1102 atque
1151 1009 1317 1078 Heliodori

104 1125 228 1212 scripta.
279 1119 408 1185 Accedit
437 1122 529 1185 etiam
553 1120 635 1208 qnod
661 1130 694 1185 ut
717 1123 784 1187 eius
806 1144 909 1189 sermo
933 1124 1104 1190 maximam
1125 1130 1251 1212 partem
1274 1143 1317 1189 cx

101 1231 226 1299 illorum
255 1240 350 1319 atque
373 1227 502 1295 Luciani
529 1228 632 1294 verbis
663 1239 693 1296 et
719 1229 928 1298 locutionibus
957 1232 1151 1323 compositus
1174 1242 1236 1312 est,
1270 1232 1314 1297 ita

104 1364 235 1432 operum
251 1342 381 1419 formae,
404 1347 439 1404 ut
454 1340 496 1404 ita
519 1338 631 1421 dicam,
654 1338 827 1408 aLuciano
851 1351 882 1407 ct
897 1341 1067 1409 Heliodoro
1090 1351 1264 1431 usurpatae
1284 1342 1316 1407 in

103 1475 142 1533 eo
165 1453 351 1520 coniunctae
374 1458 461 1530 sunt,
484 1445 628 1538 dialogus
652 1460 684 1515 ct
705 1449 853 1519 fabellae:
882 1474 1016 1542 quarum
1039 1453 1121 1520 duae
1142 1452 1317 1519 amatoriae

108 1571 195 1642 sunt3
217 1571 285 1627 tum
302 1557 539 1648 magnificarum
554 1582 658 1626 rerum
670 1571 848 1629 commenta
863 1564 915 1648 (cl.
933 1561 1069 1653 exempli
1084 1583 1181 1629 causa
1193 1559 1319 1628 Heliod.

105 1669 148 1754 X,
171 1669 499 1756 cantaneto),
522 1679 552 1736 et
575 1692 656 1760 quae
678 1669 835 1762 linguntur
856 1674 997 1763 picturae
1020 1681 1114 1763 atque
1136 1669 1321 1738 caelaturae

104 1783 155 1867 (cl.
179 1781 260 1849 Tox.
277 1802 303 1847 c.
319 1783 349 1864 6,
371 1779 494 1848 Heliod.
511 1779 548 1860 V,
566 1803 592 1846 c.
610 1781 671 1863 lt),
694 1803 795 1871 aeque
816 1785 914 1851 mirae
936 1793 1031 1872 atque
1053 1783 1209 1851 absurdae
1230 1791 1317 1849 sunt

219 1965 346 2030 Aequalis
365 1965 474 2015 fortasse
493 1962 606 2014 Achillis
626 1964 712 2026 Tatii,
732 1965 915 2031 Xenophontis
933 1965 1043 2032 Ephesii
1062 1965 1191 2017 statuit.

188 2082 271 2150 Cum
294 2091 400 2149 autem
424 2078 552 2146 Achillis
575 2078 673 2160 Tatii,
700 2077 919 2170 Xenophontis
944 2080 1084 2171 Ephesii,
1106 2078 1223 2168 Longi,
1247 2077 1319 2144 Ari·

103 2195 247 2276 staeneti,
279 2191 456 2258 Charitonis
485 2191 632 2257 orationis
667 2213 737 2258 eam
767 2192 870 2258 solum
897 2215 971 2258 cum
999 2189 1158 2258 Toxaride
1188 2185 1317 2278 dialogo

103 2302 333 2373 similitudinem
356 2300 622 2390 deprehenderim,
645 2324 727 2390 quae
742 2303 939 2393 scriptorum,
961 2303 1013 2391 qui
1030 2310 1133 2367 aetate
1148 2321 1212 2365 non
1232 2296 1318 2363 mul-

102 2425 170 2483 tum
192 2417 270 2482 inter
293 2436 328 2479 se
351 2412 478 2490 distant,
506 2433 578 2476 esse
601 2409 715 2493 soleat,
744 2411 818 2478 nihil
840 2434 915 2478 vero
938 2411 1122 2490 invenerim,
1151 2408 1238 2496 quod
1262 2417 1319 2473 aut

103 2525 146 2594 illi
163 2549 203 2590 ex
215 2522 373 2590 'laxando
396 2529 463 2588 aut
483 2543 529 2585 ex
551 2542 682 2585 eorum
706 2523 875 2612 seriptis,
898 2523 962 2612 qui
985 2520 1150 2587 aliorum
1173 2519 1317 2584 scrinia

103 2634 317 2726 compilare
341 2639 456 2711 amat,
479 2629 684 2697 Taxaridis
702 2633 871 2722 scriptor
887 2631 1103 2721 sumpsisse
1118 2638 1223 2695 recte
1241 2628 1317 2694 dici

56 2750 59 2755 '
102 2748 239 2839 possit,
255 2745 377 2810 animus
390 2740 524 2820 inclinat,
537 2750 571 2805 nt
582 2763 729 2807 censeam
742 2743 839 2824 (certa
852 2742 935 2807 enim
946 2740 1026 2808 baec
1038 2761 1100 2806 non
1112 2749 1195 2820 sunt,
1209 2745 1318 2829 neque

103 2854 248 2945 equidem
263 2862 347 2919 certa
363 2849 501 2940 indagari
518 2875 611 2939 posse
629 2851 783 2933 existimo)
806 2876 879 2918 eum
903 2848 1069 2940 aequalem
1083 2847 1143 2914 illis
1164 2850 1273 2915 luisse.

187 2966 290 3052 Atque
312 2962 354 3027 ita
377 2961 480 3026 minus
503 2962 596 3025 etiam
619 2971 703 3026 certe
724 2960 801 3028 illud
825 2961 1014 3051 investigare
1035 2959 1130 3049 potui,
1153 2960 1225 3047 quis
1245 2958 1315 3023 dia-

102 3074 214 3164 logum
236 3072 462 3162 oomposuerit;
485 3071 669 3136 coniectare.
683 3082 789 3138 autem
812 3073 1017 3162 descriptore
1040 3090 1318 3161 supervacaneum

103 3206 174 3250 esse
197 3183 387 3261 existimavi,
414 3182 549 3269 primum
572 3181 656 3268 quod
680 3177 780 3246 multo
803 3180 1000 3246 verisimilius
1022 3191 1105 3260 erat,
1133 3178 1319 3244 coniectare

103 3313 156 3360 me
179 3292 394 3359 aberraturum
418 3311 514 3378 quam
537 3290 601 3354 veri
625 3291 794 3379 quicquam
811 3300 1054 3357 consecuturum
1074 3290 1182 3369 luisse,
1203 3286 1319 3353 deinde

103 3402 188 3491 quod
210 3412 275 3468 tam
299 3399 395 3466 vilem
417 3396 557 3464 libellum
579 3400 769 3488 cuiusquam
791 3399 905 3465 nomini
929 3399 1073 3466 addicere
1094 3397 1319 3488 ignominiam·

104 3534 167 3599 qne
180 3519 298 3577 tantam
316 3512 342 3575 ei
358 3511 489 3588 inurere,
512 3509 568 3574 nisi
584 3507 671 3575 firme
689 3518 794 3575 essent
810 3518 994 3598 argumenta
1009 3531 1072 3577 non
1087 3507 1183 3574 licere
1195 3508 1319 3597 putavi

104 3620 246 3710 siquod
276 3626 381 3683 autem
411 3625 513 3682 exstet
543 3626 573 3682 et
595 3617 768 3684 inveniatur
790 3641 886 3709 opus,
919 3619 968 3685 cni
993 3618 1117 3698 eadem,
1151 3638 1238 3706 quac
1259 3638 1317 3682 ex·

101 3730 203 3822 posui,
224 3731 298 3795 vitia
321 3730 427 3807 insint,
449 3727 523 3792 certi
546 3726 710 3793 cuiusdam
733 3727 849 3794 saeculi
865 3727 918 3793 lV.
935 3727 985 3794 vel
1004 3729 1042 3793 V.
1058 3727 1230 3818 scriptoris,
1252 3746 1318 3794 non

103 3837 257 3920 dubitem,
281 3839 353 3927 quin
375 3836 466 3902 huius
490 3835 583 3901 etiam
607 3834 741 3902 Taxaris
765 3835 909 3928 dialogus
932 3838 981 3903 sit.

347 4002 513 4053 Christianus
532 4017 584 4051 non
603 4000 707 4053 videtur
724 4003 807 4054 fnisse
826 4001 925 4068 dialogi
944 4001 1062 4070 scriptor.

187 4115 397 4187 Christianum
421 4131 527 4185 autem
550 4119 732 4207 scriptorem
755 4141 818 4184 non
841 4119 937 4183 luisse
953 4141 993 4184 ex
1008 4117 1057 4183 tis
1071 4116 1168 4184 rebus
1182 4116 1318 4195 conicio,

103 4225 187 4315 quod
219 4225 400 4314 exemplum
429 4230 574 4316 egregiae
606 4229 635 4292 in
671 4229 805 4293 amicam
839 4226 1075 4294 benevolentiae
1103 4219 1318 4317 Agathoclem

103 4330 202 4418 linxit,
226 4336 278 4424 qui
300 4335 411 4403 Diniae
434 4334 628 4417 adulteranti,
651 4345 685 4401 ut
705 4332 810 4402 Plauti
832 4338 929 4403 verbo
952 4347 1031 4420 utar,
1054 4335 1240 4403 ferentarius
1263 4351 1318 4400 so·-

102 4439 181 4508 dalis
204 4455 268 4526 est,
300 4446 447 4535 quodque
467 4445 686 4512 Zenothemim
710 4447 907 4513 blenecratae
929 4446 1024 4527 filiae,
1052 4453 1090 4529 ut
1111 4467 1186 4514 eam
1206 4446 1318 4515 matri-
