2856 4906
687 201 727 270 tl

96 359 123 395 ”
189 367 275 441 Tum
302 371 408 442 multis
436 371 607 449 infinitivis,
649 374 702 461 qui
731 372 947 440 enuntiationis
980 371 1145 463 primariae
1173 369 1313 442 subiecta

104 491 192 564 sunt,
221 483 394 565 attributio,
416 483 489 549 totis
511 479 771 551 enuntiationibus
793 483 994 574 interpositis,
1021 481 1241 571 interrogando
1262 479 1314 549 rel

105 592 314 660 exclamando
336 591 513 683 adiungitur
535 591 618 681 apud
640 590 832 661 Lucianumr

175 707 206 759 de
225 708 293 762 dom.
312 707 329 762 6
348 709 378 773 (l,
397 706 440 771 29,
459 706 533 761 37·-
547 704 591 770 30,
611 705 642 768 6)
666 702 697 758 sd
717 702 772 775 γὰρ
795 706 842 772 τῆς
864 722 894 760 πε
909 702 1013 777 ἡμέρας
1030 701 1100 774 πρὸς
1117 702 1148 758 τὸ
1166 699 1313 762 κάλλιστον

175 800 346 868 ἀποβλέπειν
364 796 525 868 (κάλλιστον
544 795 576 852 di
594 797 677 867 αὐτῆς
694 795 710 866 ἡ
730 796 815 869 ἀρχή)
834 803 883 854 καὶ
901 792 950 856 τὸν
964 795 1043 867 ἥλιον
1125 794 1314 869 ὑποδέχεσθαι

176 898 291 950 καὶτοῦ
307 894 399 966 φαιὸς
416 879 612 969 ἐμπίπλασθαι
687 891 931 966 ἀναπεπταμένων
951 897 1007 952 τῶν
1025 896 1134 965 θυρῶν,
1156 891 1220 948 καθ’
1240 890 1314 948 ὅ...

175 993 223 1044 καὶ
239 989 270 1046 rd
346 983 490 1063 εὔρυθμον
501 1029 508 1046 .
519 1025 546 1044 ..
562 989 621 1048 πῶς
639 985 691 1058 οὐχ
707 985 777 1057 ἡδέα
793 991 880 1043 ταῦτα
896 986 989 1046 πάντα
1001 1028 1007 1042 .
1019 1034 1025 1047 .
1037 1011 1059 1053 .;
1080 992 1185 1046 saturn.
1203 989 1222 1045 4
1239 987 1313 1056 (470,

174 1086 309 1153 16-20),
337 1085 376 1139 ἔτι
395 1088 443 1138 καὶ
459 1087 575 1152 βασιλέα
593 1080 685 1155 μόνον
703 1120 747 1138 ...
767 1085 828 1144 πῶς
844 1082 907 1154 οὐχ)
924 1088 972 1140 καὶ
989 1087 1074 1139 ταῦτα
1098 1084 1232 1156 δείγματα
1253 1102 1312 1145 ...,·

174 1181 205 1233 de
223 1197 302 1236 maro.
320 1183 396 1238 cond.
414 1182 432 1237 8
452 1183 498 1248 (11,
518 1180 578 1246 128,
598 1179 720 1246 15-20)
739 1177 769 1233 ri
789 1178 821 1233 δὲ
839 1182 910 1253 λιμῷ
927 1177 1044 1242 ξυνόντα
1124 1178 1312 1233 δεδέσθαι

172 1270 316 1346 Ἡράκλεις
334 1272 370 1335 ὡς
387 1278 602 1348 καταγέλαστον.

139 1373 167 1423 in
185 1372 253 1424 Tox.
272 1371 290 1428 3
308 1371 388 1439 (722,
407 1371 522 1437 4-14)
541 1367 571 1425 si
593 1368 649 1440 γὰρ
668 1368 720 1423 δύο
743 1365 826 1430 ὄντας
850 1368 921 1426 οὕτω
938 1373 1012 1444 μέγα
1030 1367 1158 1443 τόλμημα
1177 1367 1313 1439 τολμῆσαι

175 1468 223 1519 καὶ
235 1503 243 1519 .
253 1503 279 1521 ..
293 1468 351 1526 πῶς
367 1467 454 1520 ταῦτα
473 1460 507 1519 οὗ
525 1461 714 1537 θαυμαστά..
728 1487 751 1529 .;

189 1557 335 1648 Denique
357 1559 440 1648 apud
462 1556 638 1625 Lucianum
660 1566 693 1626 ct
707 1557 873 1626 Toxaridis
895 1560 1080 1650 scriptorem
1103 1559 1196 1625 etiam
1219 1553 1313 1623 huius

106 1668 230 1758 generis
253 1666 438 1758 compositio
459 1667 626 1734 invenitur:

176 1780 239 1833 uel.
257 1795 321 1834 mer.
339 1781 391 1844 Vl,
409 1779 428 1834 7
446 1782 486 1845 (l,
505 1780 549 1847 87,
567 1781 662 1846 3-5)
688 1776 704 1848 ἢ
722 1783 804 1836 τοῦτο
824 1782 879 1855 μὲν
896 1780 1001 1850 πολλὴν
1019 1783 1075 1852 ἔχει
1094 1780 1143 1850 τὴν
1161 1775 1312 1849 διατριβήν,

174 1870 293 1945 ὑπάγειν
315 1875 379 1934 τούς
395 1876 499 1935 ἵππους
517 1876 549 1948 τῇ
571 1872 666 1949 ζεύγλῃ
746 1876 780 1931 σὺ
804 1876 836 1931 dl
860 1872 930 1930 silici
954 1876 1072 1949 δελφῖνά
1094 1895 1204 1950 μοι...
1221 1870 1314 1946 παρά-

176 1983 286 2035 στησον.
319 1972 440 2025 Hermot.
457 1970 494 2027 44
510 1972 583 2039 (190,
595 1967 754 2039 att-27)
736 1993 754 2040 η
772 1973 863 2031 ἐκεῖνα
881 1974 935 2046 μὲν
953 1971 1084 2044 ἐάσομεν,
1103 1972 1217 2042 ἐπείπερ
1234 1967 1314 2024 sitti-

172 2061 240 2117 νοτιέ
260 2063 346 2119 ἔστιν
366 2068 435 2138 φέρε
454 2062 536 2133 δὴ
507 2086 540 2121 να
557 2066 743 2139 μονοειδῆ...
736 2086 824 2137 .,pro
842 2086 919 2123 mere.
939 2071 1014 2124 cond
1032 2070 1050 2126 8
1068 2066 1312 2143 (11,145,302q‹p)

175 2152 287 2225 ἢτοῢιο
302 2160 356 2230 μὲν
374 2160 475 2234 κομιδῇ
492 2159 694 2217 ἰδιωτικόν...

140 2255 208 2308 Tox.
227 2255 262 2310 62
279 2252 358 2320 (247,
377 2249 509 2322 7-9)
493 2276 509 2323 η
527 2256 604 2310 τοῦτο
617 2249 709 2329 pest
690 2274 831 2326 αγροιαον,
855 2257 918 2314 lusi
935 2258 967 2314 di
984 2259 1032 2313 eut
1050 2255 1084 2311 σὺ
1103 2259 1201 2327 φιλίαν
1218 2254 1315 2315 ἔδοξας

175 2347 300 2405 ἐπαινεῖν
312 2387 320 2403 .
331 2389 337 2403 .
348 2389 354 2403 .
366 2354 395 2403 τί
409 2347 473 2420 οὐχὶ
489 2347 569 2404 eei*
555 2356 632 2423 ημεῖς
644 2391 651 2407 .
662 2391 670 2406 .
683 2391 690 2407 .

189 2439 321 2510 Praeter
349 2463 400 2524 eo,
435 2465 516 2533 quae
543 2443 645 2525 attuli,
679 2445 778 2513 multa
805 2445 865 2514 alia
894 2446 995 2514 allerri
1023 2453 1156 2536 possunt
1189 2443 1313 2534 utrique

105 2551 245 2642 scriptori
269 2553 462 2634 communia3
485 2575 559 2621 nam
581 2563 666 2621 totus
687 2579 788 2647 paene
804 2556 938 2624 Taxaris
961 2555 1105 2646 dialogus
1126 2577 1167 2622 ex
1181 2553 1313 2621 Luciani

105 2662 227 2752 scriptis
251 2662 488 2730 consarcinatus
510 2675 568 2748 est,
591 2664 646 2732 sed
668 2667 731 2732 iarn
754 2667 808 2747 eis,
830 2689 913 2757 quae
928 2665 1100 2756 conquisivi
1123 2673 1218 2755 atque
1236 2683 1313 2730 con·

105 2773 204 2862 gessi,
238 2773 314 2839 satis
337 2757 411 2839 milri
433 2771 568 2842 dilucide
591 2776 765 2843 ostendisse
786 2776 908 2858 videor,
941 2775 970 2842 T
974 2775 1107 2843 exaridis
1130 2775 1314 2866 scriptorem

105 2880 235 2950 Luciani
266 2885 439 2951 orationem
466 2884 620 2953 imitatum
647 2910 726 2954 esse
781 2886 829 2954 Ex
858 2909 921 2979 quo
950 2887 1098 2969 eflicitur,
1131 2909 1221 2966 eum,
1255 2886 1313 2974 prii

109 2995 273 3062 Τοαανίαι
306 2995 474 3081 dialopum
507 3000 752 3085 composuerit,
789 3007 905 3067 aetate
935 3001 1158 3084 posteriorem
1189 2996 1313 3133 fuisse,

105 3108 208 3193 posis
229 3106 426 3174 humanum.

190 3214 289 3280 Porro
310 3213 342 3281 id
360 3237 418 3306 pro
440 3225 528 3284 certo
548 3217 693 3286 affirmari
714 3228 835 3308 potest,
865 3217 1041 3310 dialogum
1049 3228 1129 3287 onte
1150 3178 1312 3285 decimum

105 3325 278 3392 soeculum
300 3329 466 3412 scriptum
488 3353 575 3408 esse3
602 3327 875 3419 primumquod
867 3352 928 3396 ram
952 3328 1072 3395 decimo
1096 3325 1224 3395 saeculo
1246 3324 1313 3392 Lu·

106 3434 187 3502 ciani
217 3457 288 3502 esse
318 3436 513 3505 credebatur.
538 3437 541 3441 ’
562 3438 741 3508 Afferuntur
768 3439 853 3506 enirn
874 3437 1034 3529 quaedam
1059 3459 1078 3502 e
1100 3434 1256 3505 Toxaride
1282 3435 1313 3502 in

103 3544 265 3624 anecdotis
289 3543 419 3615 Graecis
445 3571 464 3615 a
486 3546 694 3615 Baehmanno
724 3548 827 3632 editis,
861 3549 966 3617 addito
989 3545 1119 3615 numni
1145 3546 1314 3628 neminen,

104 3652 217 3722 horum
244 3664 351 3722 autem
385 3655 499 3724 librum
521 3679 618 3724 manu
646 3658 797 3748 scriptum
823 3659 940 3726 decimi.
963 3679 1034 3724 esse
1066 3654 1184 3723 saeculi
1206 3654 1315 3722 verisi-

104 3762 178 3830 mile
200 3766 296 3850 αι’),
319 3766 490 3833 afferuntur
512 3767 639 3850 eadem,
661 3766 803 3841 Lucieno
825 3769 939 3836 diserte
961 3769 1134 3848 nominato,
1154 3767 1185 3830 in
1208 3763 1313 3854 Etym.

103 3874 242 3962 magn-⁸)
265 3883 296 3940 et
317 3897 335 3941 a
358 3875 498 3962 suidas,
512 3877 605 3968 'apud
627 3900 723 3970 quem
745 3879 839 3946 etiam
861 3877 921 3946 alia
944 3902 985 3946 ex
1007 3876 1166 3946 'laxaride
1187 3885 1313 3967 sumpta

103 3983 312 4064 inveniuntur,
334 3981 463 4052 Suidam
487 3997 603 4070 antem,
626 3996 657 4054 et
677 4010 762 4069 eum,
786 3989 837 4078 qui
853 3986 955 4076 Etym.
971 4011 1076 4079 magn.
1093 3987 1314 4076 composuerit,

180 4207 198 4273 ¹)
216 4225 242 4276 p.
261 4205 314 4262 233
331 4224 358 4262 v.
377 4204 511 4278 ἐπίτιμος.

175 4293 195 4359 ')
213 4294 297 4350 Prisc
316 4311 342 4363 p·
360 4295 397 4349 Vt
415 4300 481 4348 extr.

176 4380 196 4448 ³)
215 4399 242 4435 v.
261 4380 396 4453 interpres.

173 4469 195 4532 ⁴)
214 4484 240 4535 p.
259 4469 337 4536 1047,
357 4470 387 4523 C.
406 4466 454 4521 tut
470 4463 572 4538 βύρσης
589 4473 764 4537 καθίζεσθαι,
783 4470 852 4525 1408
869 4473 901 4525 Δ.
921 4470 1053 4541 ἐπίτιμος.
