2856 4906
738 179 782 245 90

159 346 271 427 luisse,
292 354 365 437 post
386 345 513 438 fugatos
535 369 652 431 verne
672 347 873 416 Chersoneso
896 371 915 416 a
937 347 1114 419 Mithridate
1135 348 1275 440 Scythas
1296 349 1370 419 nul·

156 453 224 522 lum
246 457 308 521 inm
336 477 354 522 a
377 456 568 547 Bosporanis
591 460 635 525 eis
660 459 809 526 tributum
837 457 989 527 collatum
1015 470 1079 543 cst3
1112 484 1204 552 porro
1228 461 1369 552 Scythae

157 573 300 657 tempore
314 565 443 633 Luciani
466 591 567 657 paene
589 591 698 636 omnes
713 570 776 636 iam
798 570 939 637 exstincti
963 581 1053 639 crant
1061 571 1093 658 ¹),
1116 574 1258 664 antiquas
1282 583 1369 641 certe

157 678 249 744 sedes
272 679 334 745 iam
358 700 420 746 non
443 701 553 746 omnes
576 679 738 761 tenebant,
759 691 828 748 tum
842 682 907 749 noti
921 692 995 750 sunt
1008 704 1100 770 reges
1115 705 1225 751 omnes
1240 681 1371 775 Bospo-

154 789 221 854 rani
255 789 309 879 qui
331 789 559 856 Antoninorum
587 799 691 856 aetate
724 792 884 872 luerunt;“
918 815 958 858 ex
988 791 1037 858 his
1059 803 1165 859 autem
1186 792 1262 860 nihil
1285 792 1370 861 aliud

159 899 301 988 sequitur
323 900 380 966 nisi
403 908 437 966 ut
460 898 538 966 [alsa
561 900 622 966 sint
643 923 690 980 ea,
714 923 795 990 quae
818 911 929 968 auctor
950 901 1087 984 tradidit3
1109 924 1193 986 nem,
1215 913 1253 970 ut
1272 925 1371 992 supra

154 1009 336 1099 exposui¹),
370 1031 432 1075 non
454 1020 588 1101 possunt
609 1033 649 1076 ex
672 1011 731 1092 eis,
764 1033 846 1099 quae
868 1013 999 1103 scriptor
1026 1014 1198 1080 memoriae
1225 1013 1371 1103 prodidit,

156 1120 312 1210 quianon
335 1119 511 1187 verisimilia
541 1130 628 1201 sunt,
663 1142 700 1186 ea
729 1119 848 1210 colligi,
883 1144 964 1210 quae
990 1120 1030 1187 ah
1058 1122 1105 1188 his
1134 1120 1236 1191 aliena
1262 1124 1369 1190 minus

155 1229 249 1296 etiam
265 1231 442 1297 verisimilia
463 1233 532 1297 sint.
564 1227 678 1318 Neque
694 1231 778 1319 quod
794 1233 846 1320 qui
864 1232 1019 1322 Spartoco
1036 1241 1260 1301 successerunt
1272 1254 1368 1320 reges

154 1339 250 1428 ignoti
274 1351 361 1420 sunt,
388 1339 470 1409 haec
492 1342 592 1408 doctis
614 1341 792 1409 hominihus
816 1343 891 1408 satis
911 1343 1016 1431 gravis
1039 1364 1136 1409 causa
1159 1365 1230 1408 esse
1252 1340 1368 1423 debuit,

154 1470 212 1516 cur
233 1473 324 1540 reges
352 1453 405 1540 qui
428 1461 577 1541 quattuor
598 1451 733 1519 saeculis
754 1461 828 1543 post
848 1452 945 1518 luisse
966 1455 996 1520 in
1017 1452 1177 1519 Toxaride
1197 1449 1366 1542 finguntur,

154 1559 185 1625 in
208 1557 284 1625 illud
308 1570 431 1652 tempus
456 1563 654 1643 transferant,
687 1586 761 1629 nam
789 1586 910 1629 errasse
926 1586 1006 1651 eum
1034 1563 1234 1653 scriptorem,
1266 1585 1365 1652 quem

144 1692 228 1738 -cum
251 1693 288 1736 ea
311 1693 373 1740 non
396 1673 517 1762 ignoret
535 1695 616 1762 quae
631 1695 725 1739 nemo
741 1671 820 1739 alius
843 1672 966 1739 tradidit
982 1682 1104 1764 oportet
1125 1695 1230 1738 rerum
1243 1672 1368 1762 peritis·

153 1783 269 1849 simum
292 1805 364 1849 esse
385 1785 579 1865 existiment,
602 1792 697 1874 atque
718 1783 887 1851 credidisse
908 1805 968 1849 suo
990 1793 1133 1873 tempore
1153 1803 1289 1871 regnare
1312 1803 1370 1847 eos

146 1895 208 1987 ‚qui
231 1902 303 1961 ante
325 1901 473 1983 quattuor
505 1890 633 1960 saecula
666 1895 793 1976 luerint,
826 1902 964 1961 statuere
987 1894 1031 1959 eis
1054 1889 1218 1960 nonlicet.
1262 1889 1305 1957 Et
1328 1915 1371 1958 ne

151 2008 223 2098 quis
251 2003 449 2073 nihilominus
478 2002 580 2087 dicat,
609 2003 712 2071 solum
735 2003 900 2071 Toxaridis
922 2005 1107 2095 scriptorem
1128 2024 1167 2069 ea
1189 2025 1253 2070 non
1277 2003 1370 2093 igno·

143 2139 254 2197 rasse,
289 2138 371 2206 quae
399 2137 492 2182 nemo
522 2125 663 2182 veterum
697 2118 751 2206 qui
779 2115 818 2182 de
840 2113 1032 2204 Bosporanis
1061 2113 1155 2180 rebus
1183 2113 1369 2193 retulerunt,

94 2297 97 2302 ,
151 2227 276 2296 videtur
297 2249 402 2309 nosse,
425 2249 562 2319 cumque
584 2226 624 2293 de
645 2227 866 2307 industriosa,
890 2247 971 2313 quae
993 2221 1093 2290 multo
1109 2233 1181 2291 ante
1196 2225 1369 2306 evenerint,

149 2341 195 2407 ita
216 2361 358 2421 narrare,
386 2338 476 2430 quasi
498 2359 557 2402 suo
588 2346 730 2428 tempore
753 2334 938 2416 acciderint,
967 2358 1008 2401 ne
1030 2336 1119 2401 tertio
1143 2333 1270 2424 quidem
1294 2343 1369 2401 aute

152 2449 267 2517 Christ.
289 2471 320 2516 n.
344 2446 473 2514 saeculo
503 2469 541 2512 ea
564 2469 646 2536 quae
669 2446 833 2512 traduntur
853 2445 937 2512 lo'ctn
959 2467 1031 2513 esse
1053 2453 1195 2535 possunt.
1244 2443 1369 2512 Dicun-

154 2570 206 2628 tur
233 2561 315 2627 enim
343 2557 436 2625 Alani
461 2557 555 2625 vicini
581 2555 774 2645 Scytharum
803 2566 898 2647 atque
925 2554 1183 2645 Bosporanorum
1213 2577 1289 2623 cum
1317 2555 1369 2620 his

153 2671 311 2740 coniuncti
339 2666 467 2757 Scythis
496 2665 614 2733 bellum
641 2666 797 2748 intulisse,
828 2666 919 2733 Alani
947 2674 1053 2731 autem
1082 2662 1144 2732 illis
1171 2663 1369 2755 temporibus

152 2782 270 2850 neutris
293 2801 403 2846 eorum
421 2775 538 2843 finitimi
562 2787 658 2842 erant.
690 2775 736 2843 llli
758 2779 853 2866 igitur
875 2778 927 2866 qui
949 2784 1021 2867 post
1031 2774 1222 2866 Spartocum
1242 2775 1368 2861 (303—

152 2893 217 2959 288
233 2899 305 2957 ante
317 2889 391 2956 Chr.
403 2893 444 2972 n.)
462 2886 679 2956 Leuconorem
696 2897 791 2979 atque
803 2887 972 2953 Eubiotum
987 2908 1137 2976 regnasse
1153 2895 1367 2974 sumpserunt,

154 3001 224 3071 ideo
248 3002 332 3091 quod
356 3023 404 3082 en,
427 3021 508 3089 quae
531 2998 676 3064 dicuntur
689 2996 819 3064 Luciani
834 3006 938 3064 aetate
948 2996 1107 3077 evenisso,
1128 3004 1196 3061 tum
1212 2992 1368 3064 accidisse

150 3133 217 3182 non
247 3120 395 3203 possunt,
428 3102 624 3201 repugnante
653 3117 782 3175 auctore
811 3107 1023 3198 collegerunt,
1056 3128 1093 3170 ea
1124 3114 1271 3194 quattuor
1292 3114 1370 3171 ante

154 3221 290 3290 saeculis
313 3224 398 3288 lecta
420 3242 501 3302 esse,
525 3241 599 3287 cum
621 3241 661 3286 ne
683 3216 735 3283 illo
759 3217 884 3308 quidem
908 3228 1047 3308 tempore
1068 3217 1211 3283 evenisse
1231 3216 1368 3305 possint.

141 3393 144 3399 .
234 3330 447 3417 Boeclhius³)
471 3339 577 3398 nutem
599 3330 662 3397 iam
685 3352 725 3394 ex
747 3329 822 3411 hoc,
852 3328 936 3418 quod
957 3327 1048 3394 Alani
1076 3335 1368 3395 commemorentur

143 3440 270 3508 'finitimi
292 3440 486 3532 Bosporanis
509 3450 605 3530 atque
627 3437 770 3527 Scythis,
794 3437 923 3530 collegit
943 3437 1074 3507 Lucieni
1095 3446 1198 3504 aetate
1218 3439 1368 3505 evenisse

140 3575 204 3635 ea,
227 3574 309 3643 quae
331 3560 508 3633 narrentur3
543 3573 617 3618 cum
639 3560 745 3617 tamen
767 3548 859 3617 Alani
882 3551 1044 3617 etiamtum
1065 3547 1207 3615 nondum
1229 3549 1286 3617 sed
1309 3572 1368 3617 ex·

149 3673 249 3730 tremo
274 3663 363 3729 tertio
387 3661 515 3729 saeculo
540 3661 667 3727 demum
690 3684 708 3726 e
730 3660 857 3727 sedibus
881 3663 946 3726 suis
968 3659 1044 3724 moti
1067 3680 1169 3748 usque
1192 3659 1232 3724 ad
1253 3658 1366 3726 lacum

148 3771 320 3841 Maeotium
336 3782 431 3863 atque
446 3774 477 3840 in
490 3772 651 3862 Europam
666 3772 826 3862 progressi
842 3772 903 3839 sint
912 3773 946 3855 ⁴),
962 3779 1057 3858 atque
1073 3789 1149 3858 ergo
1165 3771 1228 3836 inm
1245 3792 1287 3836 ex
1303 3771 1368 3839 hac

225 4021 244 4089 ¹)
263 4026 399 4095 Forhiger,
418 4023 572 4076 Handbuch
590 4022 636 4074 der
653 4022 725 4074 alten
737 4020 903 4089 Gsographie
921 4021 954 4084 ll,
967 4034 993 4087 p.
1003 4017 1065 4084 461,
1084 4027 1139 4074 not.
1151 4020 1216 4087 1003
1236 4023 1270 4075 cl.
1284 4039 1368 4093 supro

148 4128 175 4180 p·
185 4111 229 4177 89,
248 4118 304 4164 not.
314 4112 339 4165 1.

221 4199 241 4266 ²)
259 4218 285 4267 p.
296 4198 410 4254 85-86.

222 4285 242 4351 ³)
263 4288 339 4354 Corp.
359 4288 478 4352 inscript.
498 4285 531 4346 ll,
550 4301 575 4350 p.
585 4283 620 4337 93
633 4284 659 4334 b.
673 4289 738 4333 extr.
751 4280 786 4335 94
798 4299 822 4333 a.

219 4373 241 4438 ⁴)
260 4375 405 4427 Ptolemaei
422 4377 507 4424 aetate
523 4373 553 4421 in
571 4372 688 4436 antiquis
707 4369 815 4420 sedibus
833 4371 914 4423 Alani
933 4377 1021 4436 erant,
1049 4372 1074 4422 ei
1092 4376 1180 4422 autem
1199 4388 1232 4424 ex
1252 4389 1367 4439 quorum

149 4461 264 4528 scriptis,
285 4477 329 4514 eos
348 4460 382 4514 ad
399 4461 487 4515 lacurn
498 4459 642 4513 Masonem
658 4458 688 4511 -in
700 4458 885 4529 Europamque
902 4475 1054 4529 progressos
1074 4473 1131 4513 esso
1148 4464 1228 4531 etque
1239 4462 1269 4514 in
1282 4462 1367 4516 Cher·
