2856 4906
698 228 732 290 ll

104 395 262 464 orationes
284 395 473 483 significant)
497 395 572 460 mira
589 392 745 482 quaedam
765 395 797 458 in
811 393 859 458 his
875 393 977 459 verbis
996 394 1229 483 interpretandis
1244 418 1316 485 pro·

106 505 184 573 tulit.
221 504 302 571 lttud
324 515 429 571 tamen
452 504 525 570 mihi
547 503 789 592 vituperandum
812 501 942 583 videtur,
965 502 1048 590 quod
1072 502 1144 591 quid
1167 505 1197 568 in
1220 527 1317 572 enun-

105 617 243 681 tiatione:
275 610 424 697 οἴχονται
444 609 522 698 ὑμῖν
541 610 695 682 ίκποδιδυ
717 606 956 695 ἆποπτάμονοι
982 607 1018 678 ui
1040 612 1168 681 ruotheri
1194 614 1318 683 ἐκεῖναι

103 722 299 813 τραγῳδίαι,
321 728 390 803 τοῖς
411 729 518 803 κενοῖς
640 718 885 801 ἀπολιποῦσαι,
906 718 1090 810 τραγῳδίαι
1111 723 1242 790 κοτίνοιο
1261 748 1318 791 va·

104 833 183 913 leat,
213 855 277 899 non
307 835 380 898 satis
409 836 608 923 perspicuum
638 840 695 897 est.
739 828 823 928 Nam
851 854 905 909 ea,
935 853 1016 918 quae
1039 832 1240 899 antecedunt:
1262 835 1319 902 καί

105 937 236 1012 ὁπόταν
256 937 332 1026 ὑμῖν
354 939 389 1010 oi
414 942 581 1033 τραγῳδοί
606 941 667 1021 τὰς
696 937 857 1020 τοιαύτας
884 936 1001 1028 φιλίας
1029 940 1089 1009 ἐπὶ
1114 941 1175 1031 τῆν
1196 944 1317 1033 σκηνῆν

105 1049 368 1138 ἀναβιβάσαντες
390 1051 594 1130 δεικνύωσιν,
617 1051 778 1115 adducunt
794 1051 833 1114 ad
856 1049 1055 1128 credendum,
1078 1052 1318 1138 tragoedias‚in

105 1163 217 1251 quibus
240 1163 279 1228 dc
308 1163 441 1229 amicitia
465 1172 593 1252 agatur,
622 1158 802 1247 significari,
832 1159 1014 1247 praesertim
1038 1182 1111 1224 cum
1134 1158 1171 1228 αὶ
1191 1163 1319 1232 πολλαί

104 1273 230 1340 ἐκεῖναι
251 1273 322 1337 voci
356 1295 437 1360 quae
464 1282 511 1337 est
532 1267 945 1359 upopodionadiunctum
969 1269 1008 1333 sit
1035 1291 1117 1356 quae
1139 1280 1245 1337 autem
1268 1295 1319 1337 se·

104 1391 256 1469 quuntur:
277 1387 348 1462 τοῖς
369 1386 476 1463 κενοῖς
490 1382 549 1450 καί
562 1384 690 1470 κωφοῖς
705 1375 936 1468 προσωπείοις
954 1375 1106 1458 ἐοικότας
1120 1374 1207 1463 ὑμᾶς
1230 1375 1317 1449 dno·

102 1492 278 1570 λιποῦσαι,
302 1486 324 1558 δ
347 1491 507 1580 διηρμένα
526 1491 565 1559 τδ
582 1486 691 1574 στόμα
813 1485 893 1558 οὐδὲ
913 1488 953 1558 τδ
975 1485 1194 1578 σμικρότατον
1210 1491 1320 1580 φθέγ·

102 1627 211 1689 peoora,
241 1602 282 1666 ad
305 1601 387 1688 hanc
416 1601 504 1666 vocis
526 1599 782 1687 significationem
809 1622 870 1665 non
894 1600 1061 1683 quadrant,
1090 1598 1146 1664 sed
1173 1599 1212 1664 ad
1239 1622 1320 1682 eam,

103 1735 199 1800 quam
229 1710 410 1776 Latinorum
439 1731 565 1798 quoque
592 1707 784 1774 vocabulum
813 1708 898 1797 quod
929 1717 977 1773 cst
1004 1707 1183 1796 tragoediae
1215 1707 1320 1791 habet,

103 1823 134 1888 id
158 1833 220 1902 est,
243 1821 283 1886 ad
306 1817 490 1905 magnificas
514 1820 687 1898 orationes,
710 1841 790 1906 quac
814 1820 872 1883 dici
896 1827 1028 1906 possunt
1049 1819 1079 1882 in
1103 1840 1157 1883 ore
1180 1815 1321 1886 Graeco-

103 1955 173 1998 rum
196 1953 276 2010 esse,
305 1927 433 1994 avolare
455 1939 571 2008 tamen,
599 1951 674 1994 cum
697 1926 798 1993 officia
819 1926 1008 2016 praestanda
1030 1929 1099 2006 siut,
1126 1926 1243 1993 similes
1265 1950 1321 1995 eoo

104 2039 276 2125 (Graecos)
298 2040 387 2103 vanis
412 2048 442 2103 et
465 2039 559 2103 mutis
581 2038 723 2125 personis
740 2035 959 2124 relinquentes,
983 2059 1064 2124 quae
1086 2058 1140 2101 ore
1161 2035 1268 2103 hiante
1282 2059 1322 2101 nc

104 2150 266 2216 minimam
288 2148 415 2234 quidem
442 2168 555 2211 vocem
578 2147 730 2211 emittant.
772 2143 833 2210 Uni
860 2146 954 2233 igitur
976 2144 1141 2234 eidemque
1162 2143 1321 2212 vocabulo

105 2257 168 2325 alia
191 2259 238 2322 vis
261 2256 440 2322 subicienda
464 2255 597 2334 videtur,
619 2255 645 2319 si
668 2254 882 2320 antecedentia
898 2255 1035 2342 respicis,
1058 2254 1117 2320 alia
1140 2257 1165 2320 si
1189 2277 1322 2345 sequen·

104 2370 146 2434 tia
170 2364 311 2431 attendis.

190 2475 311 2542 Deinde
334 2498 360 2541 c.
380 2473 411 2539 X
435 2482 501 2539 tota
524 2474 695 2539 verborum
723 2472 961 2564 comprehensio
985 2477 1062 2543 dura
1084 2488 1147 2558 est,
1175 2479 1243 2542 sive
1264 2479 1322 2545 καί

105 2588 354 2654 coniunctionem
382 2593 455 2674 post
471 2580 647 2673 Ἑλληνικὰ
671 2585 758 2670 (225,
774 2585 809 2671 6)
833 2587 964 2666 retines,
991 2588 1057 2652 sive
1080 2609 1153 2653 oum
1176 2587 1320 2654 Bekkero

100 2699 230 2763 omittis.
613 2696 616 2704 ’

192 2808 224 2873 in
242 2816 382 2874 extremo
402 2815 506 2872 autem
531 2829 600 2893 cap.
619 2805 687 2868 eod.
712 2805 805 2889 (225,
826 2808 884 2898 10)μ
903 2804 1044 2872 homines
1063 2807 1156 2889 docti,
1184 2833 1259 2875 cum
1276 2812 1321 2875 eis

103 2917 202 2983 verba
236 2914 320 3004 ὅπερ
356 2921 415 3005 τῆς
447 2918 617 3003 Σκυθικῆς
650 2911 821 2999 ἐπιτίμιόν
855 2913 945 2984 ἐστιν
986 2918 1146 2983 offensioni
1180 2919 1321 3000 fuissent,

104 3025 203 3116 ῆττης
224 3029 395 3114 Σκυθικῆς
417 3026 616 3092 scribendum
639 3048 710 3090 esse
726 3026 941 3107 coniecerunt;
965 3027 1019 3090 sed
1044 3050 1236 3115 quamquam
1258 3051 1322 3095 non

105 3138 285 3223 negandum
310 3136 350 3216 id,
373 3134 459 3224 quod
485 3136 515 3200 in
538 3133 628 3198 libris
645 3135 796 3221 scriptum
819 3145 937 3214 exstat,
968 3133 1052 3223 ὅπερ
1073 3140 1132 3224 τῆς
1153 3140 1323 3226 Σκυθικῆς

105 3245 266 3333 (videlicet
287 3249 360 3332 γῆς)
381 3239 552 3326 ἐπιτίμιόν
574 3240 673 3324 ἐστιν,
699 3245 801 3310 minus
820 3244 932 3311 subtile
955 3269 1034 3327 esse,
1059 3256 1241 3313 tamennon
1257 3255 1323 3314 tam

106 3376 271 3443 perperam
287 3354 405 3433 dicitur,
429 3353 570 3418 dextram
587 3355 740 3442 amputari
761 3355 858 3419 tuisse
874 3375 1008 3443 poenam
1024 3353 1196 3443 Scythicae
1211 3366 1323 3439 terrae,

74 3495 78 3501 ·
105 3485 200 3553 quam
223 3464 366 3529 dextram
389 3464 542 3550 amputari
565 3464 661 3528 tuisse
683 3485 829 3552 poenam,
852 3473 886 3527 ut
909 3463 948 3528 ad
971 3464 1102 3529 verbum
1119 3467 1244 3533 Graeca
1266 3490 1323 3533 ex-

103 3575 251 3663 primam,
279 3597 404 3639 currsee
425 3573 603 3658 Scythicae
622 3577 787 3656 perditae.
833 3570 924 3638 Hanc
954 3575 1035 3637 eninr
1066 3577 1129 3639 vim
1157 3575 1196 3641 ah
1220 3577 1321 3643 homi-

104 3682 194 3747 nibus
224 3682 324 3748 doctis
355 3682 457 3748 verbis
487 3680 586 3770 ῆττης
606 3685 777 3770 Σκυθικῆς
807 3682 980 3748 subiectam
1011 3705 1082 3747 esse
1110 3686 1219 3765 credo,
1247 3687 1321 3773 quia

107 3787 248 3855 dextram
272 3795 425 3882 amputari
449 3794 545 3858 fuisse
569 3800 702 3881 poenam
720 3794 895 3878 Scythicae
918 3795 1024 3858 alodis
1046 3791 1131 3857 nulio
1149 3803 1243 3881 pacto
1260 3795 1320 3861 dici

105 3908 221 3989 potest.

191 4009 337 4097 Denique
365 4036 400 4077 ea
425 4036 506 4103 quac
529 4011 615 4080 cxl
631 4013 724 4096 (225,
745 4013 889 4099 tri-20)
912 4011 1074 4100 leguntur:
1104 4013 1162 4080 καί
1187 4015 1249 4102 γὰρ
1280 4010 1321 4082 δν

103 4117 157 4206 ε’ίη
179 4115 361 4187 πάνδεινον
382 4117 450 4190 ὑπδ
473 4126 565 4192 δυοῖν
585 4125 646 4206 μὲν
668 4120 808 4190 ἐκείνοιν
832 4171 920 4201 ....,
1047 4117 1186 4203 ἁλῶναι,
1218 4123 1319 4210 tepida

106 4230 173 4293 visa
196 4251 267 4294 esse
290 4229 431 4318 scripturi
454 4243 593 4321 apparet,
616 4254 744 4297 revera
769 4240 875 4297 autem
898 4233 1002 4320 inepta
1026 4242 1106 4297 sunt.
1145 4234 1214 4322 Ego
1237 4240 1322 4298 certe

107 4360 168 4404 non
191 4338 298 4418 video,
329 4361 412 4427 quoe
433 4339 564 4408 facetiae
586 4344 678 4409 insint
699 4343 729 4408 in
753 4341 870 4407 verbis:
901 4339 1070 4421 „horribile
1098 4343 1180 4408 enim
1203 4342 1260 4422 sit,
1288 4344 1323 4419 si,

107 4469 181 4512 cum
212 4471 230 4512 a
259 4447 383 4513 duobus
411 4447 471 4516 iltis
499 4459 545 4516 tot
572 4450 712 4538 Scythae
739 4451 813 4516 victi
843 4451 903 4515 sint
931 4458 1125 4538 (pugnantes
1148 4447 1322 4539 videlicet),
