2856 4906
654 187 703 250 '7⁹

68 361 182 432 nonio
204 381 315 429 securas
336 359 525 445 cminngat,
546 357 756 446 virginitatem
777 350 948 421 violantem
970 348 1058 430 lacit3
1089 347 1199 420 dando
1221 374 1283 425 non

75 481 153 562 puto
179 469 338 539 christiani
370 468 528 558 scriptoris
553 465 679 535 illorum
706 472 790 531 certe
817 471 993 553 temporum
1021 482 1110 541 csse,
1139 463 1284 552 egregios

75 583 195 649 amicos
218 579 349 647 caedem
372 589 466 668 atque
488 575 631 645 fraudem
652 575 882 642 committentes
904 571 1094 662 producere,
1121 580 1176 638 aut
1197 592 1285 640 cour·

76 693 207 773 minisci,
229 691 364 757 amicum
387 689 479 757 amici
501 708 601 755 causa
622 684 807 773 gladiatorio
823 683 992 751 certamine
1009 703 1177 773 pugnasse,
1199 681 1285 772 quod

12 879 21 898 x
75 803 132 884 ais,
154 803 208 890 qui
230 800 415 868 christianae
435 799 595 867 doctrinae
617 795 728 866 addicti
753 804 849 876 erant,
871 817 927 884 per
949 815 1039 861 saera
1062 814 1171 861 eornm
1192 812 1285 882 praa·

77 922 169 1002 cepto
191 908 373 979 detestabile
395 909 490 977 videri
512 906 646 976 debebat
668 916 700 974 et
721 905 932 987 videbatur¹);
962 904 1097 993 denique
1119 901 1285 971 verisimile

77 1042 141 1094 nott
163 1031 211 1090 est
231 1019 433 1090 christianum
456 1017 612 1086 dicturum
635 1018 745 1097 luisse,
775 1010 929 1103 ἑωρῶμεν
950 1010 1057 1105 θηρία
1080 1049 1120 1064 --
1144 1009 1200 1082 ἐπ’
1225 1008 1285 1082 da·

76 1127 242 1221 θρύηοος
263 1129 462 1214 δεδεμένους
484 1123 667 1217 ἀφιέμενα,
698 1121 945 1214 κακούργους
963 1120 1093 1205 τινάς,
1123 1118 1169 1204 ὡς
1194 1120 1286 1195 claci·

72 1244 187 1328 ζομεν,
210 1263 286 1312 cum
306 1240 360 1328 qui
378 1237 493 1309 Christi
514 1237 710 1328 disciplinam
731 1236 943 1327 sequebantur
965 1256 1061 1326 saepe
1082 1237 1176 1303 etiam
1198 1237 1286 1305 inno·

77 1361 185 1421 centes
207 1349 247 1419 ad
271 1350 386 1419 bestias
407 1349 494 1422 nissi
517 1349 586 1420 sint.

499 1515 621 1563 Fortasse
639 1511 771 1564 Romanus
790 1513 850 1564 fuit

163 1634 229 1701 lam
247 1631 286 1699 ad
302 1625 479 1701 extremum
499 1652 561 1697 non
578 1629 714 1698 alienum
738 1629 868 1697 arbitror
883 1652 1042 1719 quaerere,
1065 1632 1152 1698 cuias
1174 1628 1289 1727 dialogi

80 1745 212 1834 scriptor
235 1737 334 1810 fucrit.
384 1737 468 1807 Nam
491 1763 685 1832 quamquam
707 1764 759 1820 ea,
788 1763 869 1831 quae
899 1740 938 1807 de
954 1739 1027 1839 bae
1055 1764 1087 1807 re
1113 1761 1289 1833 proponere

80 1875 222 1951 possum,
243 1875 306 1920 non
322 1851 475 1921 eiusmodi
491 1863 572 1934 sunt,
595 1864 630 1920 ut
645 1851 848 1950 certi*·aliquid
865 1876 903 1918 ex
922 1852 966 1922 eis
981 1849 1129 1942 colligere
1147 1851 1292 1936 audeam,

79 1974 183 2030 tamen
205 1961 374 2031 omittenda
397 1985 459 2030 non
482 1963 683 2044 videbantur,
717 1986 789 2030 cunr
821 1963 963 2032 homines
992 1960 1102 2037 doctos
1128 1962 1160 2029 in
1187 1961 1288 2031 dubiis

78 2073 174 2142 rebus
197 2095 434 2164 nonnumquam
451 2070 551 2141 multo
567 2071 736 2141 levioribus
759 2073 798 2140 ad
820 2072 1016 2164 probandum
1032 2075 1222 2162 argumentis
1244 2075 1291 2142 uti

82 2182 238 2251 vidissem.
282 2182 425 2250 Primum
446 2183 537 2273 igitur
560 2184 699 2251 adducor
721 2193 756 2250 nt
778 2184 914 2266 credam,
935 2182 1024 2251 illum
1046 2183 1205 2252 Graecum
1227 2206 1289 2255 non

79 2296 191 2374 luisse,
222 2293 306 2383 quod
335 2317 374 2360 ne
403 2295 501 2384 quinti
531 2294 655 2384 quidem
684 2292 803 2360 saeculi
827 2293 984 2360 Graecum
1012 2293 1169 2363 hominem
1192 2295 1289 2361 luisse

79 2407 232 2472 sermonis
259 2405 348 2495 patrii
376 2414 440 2470 tam
468 2405 613 2494 ignarum
642 2405 809 2472 existimari
833 2415 950 2496 potest,
979 2427 1075 2496 quam
1098 2428 1171 2473 eum
1192 2405 1289 2470 luisse

79 2517 132 2604 qui
153 2514 302 2589 Toxarim
330 2512 491 2604 dialogum
518 2517 731 2605 composuerit
759 2539 799 2580 ex
826 2514 947 2597 multis,
974 2538 1056 2605 quae
1078 2537 1171 2605 supra
1195 2512 1290 2583 allata

81 2634 163 2705 sunt,
186 2626 379 2714 perspicitur.
433 2623 555 2691 Deinde
581 2626 779 2692 inveniuntur
801 2624 957 2715 quaedam
980 2628 1009 2691 in
1034 2624 1172 2714 dialogo,
1202 2648 1289 2715 quae

79 2732 214 2801 Romani
238 2758 308 2801 esse
330 2735 502 2800 videantur.
545 2732 718 2801 Nascantur
739 2737 821 2802 enim
845 2735 972 2801 Orestes
995 2745 1025 2801 et
1047 2734 1184 2824 Pylades
1212 2758 1288 2802 nau·

79 2845 213 2935 fragium
243 2836 369 2925 iecisse,
407 2843 491 2933 quod
520 2867 537 2909 a
561 2843 757 2911 Graecorum
788 2845 826 2911 de
853 2844 912 2912 illis
940 2844 1046 2912 tabula
1073 2848 1208 2918 alienum
1230 2858 1288 2931 est,

80 2957 235 3023 consentit
258 2977 332 3021 cum
356 2963 542 3043 argumento
565 2954 738 3022 Pacuviani
760 2954 964 3039 Dulorestae‚
987 2968 1023 3024 ut
1044 2956 1184 3024 Naelius
1209 2957 1289 3022 dilu-

79 3063 149 3130 cide
171 3064 440 3146 demonstravit¹),
462 3063 493 3129 id
516 3085 591 3130 vero
614 3087 633 3130 a
655 3063 822 3132 Toxaridis
845 3068 994 3156 scriptore
1017 3089 1057 3131 ex
1081 3067 1182 3134 alieno
1203 3068 1288 3134 lente

81 3173 241 3256 baustum,
263 3197 326 3240 non
342 3172 381 3240 ad
396 3196 463 3240 rem
479 3172 692 3240 exornandam
715 3175 953 3266 periculumque
976 3178 1157 3266 augendum
1180 3177 1288 3246 fictum

80 3305 166 3361 esse,
194 3281 391 3368 verisimile⁸)
412 3291 577 3374 propterea
601 3295 667 3366 ests
698 3286 783 3377 quod
811 3288 903 3353 huius
927 3289 1077 3378 naufragii
1099 3285 1289 3378 procedente

78 3393 256 3459 narratione
277 3392 362 3460 nulla
387 3396 512 3460 omnino
536 3397 613 3461 ratio
636 3396 784 3479 habetur,
820 3421 892 3464 nam
921 3399 1025 3477 amici,
1060 3421 1134 3465 eum
1163 3396 1288 3485 fugituri

79 3503 149 3583 sint,
171 3525 285 3571 navem
301 3527 392 3571 suam
408 3515 549 3596 paratam
565 3505 693 3573 habent:
717 3530 818 3597 neque
836 3530 929 3599 porro
953 3531 1008 3575 eos
1025 3507 1201 3575 Thoante
1224 3527 1289 3572 oc·

78 3614 160 3681 also
184 3616 346 3705 aulugisse
369 3639 386 3681 a
410 3615 547 3682 Taurica
568 3625 649 3683 terra
672 3616 802 3684 Graecis
825 3619 937 3686 sabulis
960 3621 1115 3711 proditum
1138 3627 1196 3697 est,
1218 3641 1290 3686 nar·

77 3721 206 3790 rebatur
233 3736 338 3792 autem
368 3751 386 3793 a
413 3724 566 3792 Romanis
599 3737 693 3817 atque
725 3726 787 3795 lroc
814 3730 947 3796 fortasse
975 3731 1014 3796 ab
1042 3753 1151 3797 eorum
1184 3729 1288 3820 aliquo

76 3869 278 3884 ——-

155 3933 172 4004 ¹)
197 3939 291 3991 Rhein.
310 3942 440 3996 Murcum.
479 3947 553 3997 Tum.
571 3946 597 3996 X
615 3961 640 4011 p.
655 3944 707 3998 582
726 3946 918 4010 (Friedlttuder,
944 3947 1219 4016 Gladiatoreukttmple
1241 3963 1289 4000 aur

76 4025 246 4089 Kaiserzeit).
281 4029 395 4081 Beckers
413 4036 478 4083 edm.
493 4032 650 4086 Alterthilm.
669 4033 776 4098 fortges.
790 4049 815 4085 v.
826 4033 978 4098 Mcrquardt
997 4036 1041 4099 lV,
1060 4053 1086 4102 p.
1100 4033 1161 4100 509,
1179 4043 1232 4088 not.
1243 4035 1287 4090 80.

77 4112 190 4165 Tertull.
209 4112 313 4181 apolog.
332 4113 357 4167 9.
377 4117 409 4168 de
427 4118 536 4185 pudicit.
550 4118 594 4173 22.

78 4200 172 4341 Μ’)
197 4199 390 4342 ἓοωπιεηὶαοίο
414 4203 445 4254 de
466 4205 618 4271 Duloreste,
649 4209 677 4259 in
704 4209 790 4259 indica
814 4207 897 4260 schol.
920 4211 949 4260 in
973 4210 1045 4262 acad.
1066 4210 1150 4262 Rhea.
1172 4209 1285 4263 haband.

160 4305 186 4354 p·
219 4325 225 4341 1
988 4307 1003 4314 .,

154 4372 173 4440 ’)
192 4376 260 4426 Dico
278 4382 381 4430 tantum
398 4378 544 4430 verisimile
563 4396 634 4445 esse,
660 4383 724 4448 quia
742 4382 817 4434 nulla
834 4384 1003 4450 neglegentia
1020 4385 1048 4435 in
1064 4384 1204 4437 Taxaridis
1223 4387 1287 4438 sori·

78 4469 180 4530 pteram
196 4479 250 4514 non
269 4467 409 4517 convenire
426 4465 520 4533 possit.
