2856 4906
739 229 783 296 94

154 391 333 484 Bosporani
348 393 379 460 in
395 390 577 483 Bithyniam
593 395 825 486 proficiscentes
842 397 882 464 ad
899 397 1069 464 Amastrim
1089 417 1188 466 noves
1210 397 1374 490 appellunt

155 505 243 593 [nam
261 524 324 571 non
346 525 416 571 esse
437 503 520 572 hanc
540 505 650 572 urbem
672 508 726 589 eis,
748 508 801 595 qui
816 529 857 573 ex
868 506 998 596 Scythia
1010 507 1150 574 Athenas
1162 517 1282 599 petant,
1297 532 1372 600 por-

156 625 224 682 tum
239 615 420 706 aditumque
438 615 486 700 (ἒν
500 618 677 707 προσβολῇ
690 617 732 683 57
743 616 783 682 in.
793 617 896 707 pata
906 641 937 683 v.
944 617 1003 707 36)
1017 617 1159 684 tabulam
1181 621 1374 710 geographi·

155 748 227 793 cam
251 726 424 816 inspicienti
455 728 658 816 perspicuum
686 736 748 808 est,
779 749 883 814 neque
910 727 994 793 credi
1014 737 1128 818 potest,
1152 727 1294 816 Scythas
1314 750 1374 819 per

58 886 62 895 .
157 838 264 904 Asiam
288 834 429 901 Athenas
450 835 605 926 proficisci
628 833 738 902 solitos
760 836 865 917 luisse,
888 835 944 902 sed
965 836 1133 904 verisimile
1155 847 1214 918 est,
1234 859 1292 903 eos
1315 860 1374 927 per

155 944 294 1013 Pontum
317 943 485 1023 Euxinum,
508 945 689 1036 Bosporum
712 945 894 1027 Thracium,
916 945 1141 1038 Propontidem
1164 949 1375 1038 Aegeumque

155 1078 241 1122 mare
252 1055 392 1122 Athenas
408 1056 602 1144 navigasse}
631 1058 735 1147 Atque
749 1079 786 1122 ea
804 1057 967 1136 sententia,
985 1080 1082 1148 quam
1096 1057 1193 1124 modo
1207 1058 1374 1146 proposui,

156 1167 251 1232 etiam
264 1187 302 1231 eo
313 1162 388 1230 mihi
400 1164 522 1231 videtur
535 1165 719 1246 confirmari,
731 1167 817 1256 quod
828 1167 919 1233 video
931 1166 1096 1234 Toxaridis
1108 1169 1293 1256 scriptorem
1304 1164 1373 1232 Lu·

157 1277 283 1343 cianum
295 1284 456 1342 auctorem
467 1284 612 1342 secutum
625 1275 737 1343 eodem
748 1275 854 1358 modo,
867 1285 962 1365 atque
972 1277 1060 1344 illum
1071 1299 1185 1356 errare,
1202 1297 1277 1342 cum
1289 1276 1372 1341 enim

158 1388 312 1453 Amastris
326 1383 564 1476 Paphlagoniae
585 1385 660 1451 urbs
684 1387 732 1468 sit,
752 1388 779 1452 is
802 1397 906 1454 tamen
928 1386 961 1471 (l.
974 1392 1016 1471 a.)
1037 1388 1124 1452 dicit:
1146 1385 1373 1454 Κοτέπλοοσοι

157 1493 205 1578 εἷς
216 1491 403 1586 ’Ἀμαστριν
422 1495 493 1586 τήν
513 1492 720 1586 Ποντικήν
742 1497 820 1588 (quo
844 1506 930 1588 patet
952 1495 1117 1588 significari
1139 1495 1248 1562 urbem
1265 1492 1370 1576 Ponti,

157 1628 196 1674 ac
222 1629 286 1673 nun
313 1605 425 1673 urhem
453 1605 493 1672 ad
515 1607 653 1672 Pontum
677 1606 834 1672 Euxinum
862 1608 981 1688 sitam),
1009 1615 1045 1671 ut
1071 1603 1231 1671 Lucianus
1257 1625 1369 1669 errans

157 1718 281 1809 scripsit
295 1714 513 1806 [ΑΙοιι25(ΙΙ,
523 1717 575 1796 80,
584 1717 654 1804 30)]
676 1713 785 1802 ἐμίσει
807 1718 846 1786 δὲ
864 1712 1114 1808 τῆν’Άμαοτριν
1133 1712 1285 1799 μάλιστα
1304 1716 1375 1779 τῶν

157 1833 333 1898 Ποντικῶν
349 1824 492 1907 πόλεων,
516 1825 569 1892 ubi
590 1826 742 1894 Ponticae
765 1838 865 1895 terrae
887 1827 982 1895 urbes
1004 1825 1168 1917 significari
1184 1827 1375 1903 Ποντικαῖς

156 1936 309 2022 πόλεσιν,
332 1961 373 2006 ex
387 1937 528 2004 eiusdem
544 1937 653 2027 (1280,
666 1938 717 2020 15)
741 1940 850 2029 capitis
864 1938 969 2006 verbis
992 1935 1109 2008 ἀθέων
1123 1936 1376 2024 ἐμπεπλῆσθαι

156 2051 215 2118 καὶ
235 2052 451 2138 Χριστιανῶν
472 2048 531 2116 τὸν
549 2043 684 2116 Πόντον
704 2057 736 2114 et
758 2073 798 2115 ex
819 2051 904 2116 initio
927 2071 954 2116 c.
971 2051 1010 2113 17
1034 2055 1075 2138 (p.
1087 2051 1137 2127 77,
1148 2048 1204 2131 30)
1227 2054 1371 2136 apparet.

241 2157 510 2227 Perscrutandum
531 2159 593 2223 iarn
617 2167 678 2239 est,
700 2181 775 2225 num
797 2157 862 2225 ludi
883 2157 1056 2249 gladiatorii
1076 2159 1119 2223 ita
1142 2142 1374 2238 describantur,

156 2283 193 2339 ut
214 2274 314 2340 conici
335 2271 444 2361 possit,
464 2291 521 2334 eos
542 2271 727 2358 ascriptore
748 2279 907 2360 spectatos
929 2292 1015 2349 esse3
1037 2269 1080 2334 ita
1102 2270 1185 2334 enim
1207 2277 1374 2357 sequatur,

157 2386 192 2441 ut
212 2385 285 2468 post
306 2377 425 2444 initium
448 2380 547 2469 quinti
568 2378 687 2444 saeculi
709 2401 773 2445 non
792 2380 898 2460 luerit,
930 2379 1078 2468 quoniam
1104 2376 1263 2468 posthoc
1285 2386 1374 2442 tem-

156 2508 217 2576 pus
240 2508 280 2552 ne
302 2484 425 2553 Romae
447 2486 591 2578 quidem,
625 2488 679 2554 uhi
701 2488 872 2554 diutissime
892 2487 1076 2568 manebant,
1109 2484 1173 2551 ludi
1196 2486 1375 2576 gladiatorii

158 2597 234 2663 facti
255 2605 328 2663 sunt
341 2599 374 2683 ¹).
418 2598 522 2688 Atque
542 2599 678 2690 primum
698 2597 745 2679 id,
768 2599 852 2687 quod
874 2597 915 2664 de
936 2597 1059 2663 Sisinne
1080 2605 1238 2677 narratur,
1260 2595 1374 2664 fictum

158 2714 220 2789 est;
254 2716 501 2775 auctoraverrmt
527 2731 563 2776 se
584 2707 710 2799 quidem
731 2707 833 2789 liberi,
860 2708 915 2774 sed
946 2716 1019 2773 ante
1040 2705 1122 2773 diem
1143 2703 1308 2789 ludorum,
1335 2716 1374 2774 ut

157 2817 197 2882 ad
219 2840 344 2907 pugnas
365 2819 483 2884 institui
505 2829 634 2909 possent
642 2819 676 2904 ²),
698 2839 873 2908 numquam
895 2826 1001 2884 autem
1021 2840 1079 2908 per
1099 2837 1290 2908 praeconem
1311 2814 1373 2882 ali·

157 2929 226 3016 quis
242 2928 527 3018 exspectatoribus
542 2928 666 2994 videtur
686 2937 879 3019 provocatus
894 2949 975 3008 esse,
996 2935 1033 2991 ut
1047 2948 1121 2992 cum
1141 2927 1213 2992 lorti
1226 2925 1365 3014 quodam

157 3036 332 3127 gladiatore
364 3040 525 3130 proposito
551 3059 669 3128 magno
699 3060 762 3105 non
796 3038 946 3104 notoriae
979 3036 1035 3103 sed
1068 3057 1196 3126 pugnae
1225 3036 1372 3126 praemio

158 3151 335 3232 certaret³):
370 3150 427 3214 sed
454 3149 516 3215 hoc
539 3147 684 3215 consulto
704 3150 747 3214 ita
769 3148 888 3238 lingere
909 3148 1050 3237 scriptori
1071 3144 1172 3227 licuit,
1201 3168 1306 3234 neque
1328 3168 1374 3212 ex

156 3257 275 3323 haere
297 3256 366 3323 sola
388 3257 600 3346 colligendum
627 3268 690 3338 est,
724 3257 815 3324 ludos
846 3259 885 3324 ab
914 3281 955 3325 eo
981 3280 1154 3347 numquam
1176 3278 1247 3321 esse
1267 3258 1373 3338 visos3

160 3369 282 3434 accedit
303 3369 400 3446 enim,
423 3368 507 3456 quod
531 3369 697 3436 Commodi
720 3380 804 3435 certe
826 3379 929 3436 aetate
950 3370 1125 3435 institutum
1147 3376 1222 3448 erat,
1244 3375 1281 3431 ut
1301 3366 1374 3458 gla-

160 3478 297 3544 diatores
319 3477 509 3567 simulatque
530 3480 560 3543 in
576 3501 705 3544 arenam
727 3480 884 3563 intrarent,
906 3503 1038 3570 parvam
1059 3479 1223 3568 pecuniam
1245 3479 1376 3568 accipe-

157 3588 273 3666 rent⁴),
303 3589 346 3652 ita
369 3597 404 3652 ut
426 3589 508 3653 credi
531 3590 644 3679 possit,
678 3588 862 3679 scriptorem
884 3599 1082 3681 praesentem
1110 3589 1226 3654 vidisse
1247 3586 1374 3678 gladio·

233 3808 253 3874 ¹)
278 3813 342 3863 lust.
360 3811 485 3877 Lipsius,
512 3812 618 3863 Sestum.
642 3828 755 3864 sermon.
777 3813 840 3864 libri
863 3815 915 3866 duo
933 3815 965 3865 de
983 3815 1053 3881 glad.
1074 3815 1230 3878 (Amstelod.
1248 3816 1331 3880 1686)
1350 3819 1372 3881 l,

158 3897 236 3960 ela,
254 3897 333 3964 pos.
369 3898 464 3949 Rhein.
480 3900 552 3952 Mus.
571 3901 606 3964 X,
626 3918 651 3967 p.
663 3899 726 3954 476.
760 3902 844 3955 Beck.
862 3920 890 3954 ιι.
908 3905 1008 3968 Alarq„
1032 3903 1175 3955 Romisene
1190 3903 1306 3955 Alterth.
1323 3904 1373 3970 tv,

157 4003 183 4053 p.
194 3983 256 4048 566,
273 3992 328 4035 not.
338 3984 382 4038 23.

231 4072 251 4135 ¹)
268 4071 363 4123 Rhein.
381 4074 452 4126 Mus.
470 4075 507 4137 X,
525 4073 622 4140 poss,
639 4083 694 4129 not.
705 4076 732 4139 2,
750 4094 775 4142 p.
787 4077 847 4139 560,
865 4083 921 4127 not,

228 4157 250 4223 ³)
268 4159 345 4221 Quod
362 4176 379 4211 a
391 4161 516 4226 Caligula
534 4162 618 4226 (Suet.
628 4161 672 4226 35)
692 4172 799 4214 coactus
817 4169 858 4213 est
875 4180 954 4229 eques
972 4165 1101 4218 Proculus
1112 4167 1193 4218 Esius
1212 4182 1247 4217 ex
1265 4172 1374 4234 specte·

158 4247 262 4298 toribus
279 4246 374 4297 mediis
395 4248 425 4297 in
443 4263 548 4299 nauem
566 4249 722 4300 descendere
740 4255 817 4316 atque
834 4267 966 4319 pugnare,
989 4253 1041 4305 hoc
1061 4255 1168 4320 tymni
1191 4252 1309 4305 libidine
1330 4270 1373 4305 se-

158 4335 212 4385 nel
227 4335 327 4384 fectum
344 4340 400 4398 est,
426 4351 512 4401 neque
534 4335 587 4387 hoc
603 4335 723 4402 exemplo
741 4353 787 4402 ea,
814 4355 882 4404 quac
900 4339 933 4391 de
951 4339 1057 4392 Sisinne
1080 4345 1234 4405 meatur,
1262 4341 1373 4409 probari

158 4427 280 4486 me

231 4508 255 4571 ⁴)
270 4510 323 4560 Dio
341 4509 415 4561 Ceos
433 4511 545 4576 Lxxu,
564 4511 598 4567 19
616 4511 667 4579 (et.
686 4513 773 4566 stan.
790 4513 835 4577 tv,
852 4509 950 4579 pm,
968 4510 1142 4579 v.15oeqq·).
