2856 4906
699 227 718 287 9

103 393 365 475 καταδείσαντας
397 415 525 484 prorsus
553 415 823 483 supervacaneum
858 404 924 474 est,
955 415 1056 481 neque
1085 390 1156 459 alibi
1185 395 1316 463 similem

104 529 221 574 vocum
246 505 504 593 compositionem
527 525 577 568 me
600 501 714 591 legisse
737 505 871 568 memini.

192 614 292 680 Porro
316 636 352 678 ea
376 635 456 700 quae
480 636 507 678 c.
519 610 564 677 IV
580 613 673 699 (222,
691 614 835 700 17-20)
859 611 1015 701 leguntur,
1041 609 1118 681 ἐπεὶ
1139 609 1219 681 ὅσον

106 725 257 803 πολλοὺς
279 716 320 789 div
342 745 397 788 σοι
418 720 616 809 θειοτέρους
643 718 776 789 ἐκείνων
806 716 1027 806 ἀποδείξαιμι
1049 721 1127 802 τοὺς
1149 720 1319 813 ἐμπόρους

104 835 162 903 καί
185 830 333 919 μάλιστα
354 830 432 909 τούς
458 827 618 911 Φοίνικας
641 826 765 911 αὐτῶν,
793 826 852 897 οὐκ
875 830 909 910 ές
935 831 995 900 τόν
1019 828 1144 900 πόντον
1264 834 1318 903 έσ-

105 945 286 1023 πλέοντας,
316 940 490 1030 significare
518 941 675 1005 videntur:
708 938 912 1020 „Phoenices
942 940 1042 1006 multo
1073 941 1236 1009 diviniores
1267 945 1320 1011 tibi

106 1053 270 1119 ostendere
292 1072 424 1140 possum
446 1070 507 1113 non
530 1048 633 1112 solum
657 1048 687 1112 in
710 1047 890 1137 Bosporum
913 1052 1121 1138 navigantes“
1143 1052 1185 1117 ita
1209 1062 1243 1118 ut
1264 1051 1320 1121 έσ·

106 1161 273 1239 πλέοντας
301 1160 432 1224 verbum
461 1157 641 1222 attributum
672 1159 712 1222 sit
735 1160 967 1238 enuntiationis,
996 1182 1077 1248 quae
1106 1160 1144 1225 ab
1174 1155 1319 1230 ἀποδεί-

106 1273 202 1354 ξαιμι
224 1270 323 1334 verbo
346 1267 469 1356 pendet,
491 1266 689 1356 θειοτέρους
712 1276 818 1331 autem
842 1271 1021 1358 appositum
1039 1266 1201 1350 Φοίνικας
1221 1274 1320 1339 vocis.

106 1380 189 1445 Cum
213 1389 316 1443 tamen
341 1385 504 1465 appareat,
531 1377 715 1464 scriptorem
738 1375 800 1441 hoc
823 1377 926 1443 dicere
949 1379 1101 1444 voluisse:
1130 1381 1321 1461 „ostendere

106 1490 159 1555 tibi
182 1509 311 1578 possum
333 1484 510 1550 Phoenices
538 1483 636 1548 multo
661 1485 825 1550 diviniores
849 1486 965 1576 (esse),
995 1511 1065 1570 eos,
1094 1491 1146 1578 qui
1169 1489 1250 1576 (velz
1272 1500 1322 1556 ul·

105 1609 181 1690 pote
204 1596 288 1686 qui)''
311 1635 369 1676 -,
397 1603 469 1660 ante
493 1585 552 1662 οὐκ
575 1593 610 1672 ές
636 1592 798 1658 εδδεηδυε
822 1606 888 1661 erat
917 1597 1066 1664 articulus
1092 1609 1147 1664 aut
1169 1596 1228 1666 ἅτε
1250 1622 1323 1688 par·

107 1707 211 1774 ticula.

192 1817 226 1883 ln
249 1817 296 1882 his
320 1825 426 1880 autem
451 1814 584 1902 quaein
608 1815 709 1902 capite
723 1812 765 1879 Vl
781 1817 870 1905 (223,
885 1816 1005 1903 9-15)
1028 1816 1188 1906 leguntur:
1210 1818 1322 1888 πλέων

103 1924 258 2017 Ὀρέστης
280 1923 351 2008 ἅμα
372 1928 418 2012 τῷ
440 1921 540 2012 φίλῳ,
567 1913 640 1988 εἶτα
658 1962 701 1973 —-
720 1922 1027 2014 διαφθαρείσης-
1040 1930 1101 2015 τῆς
1115 1926 1198 2008 νειδς
1212 1949 1322 1995 onvar-

108 2037 273 2125 λημμένσς
294 2035 352 2101 καὶ
372 2073 415 2083 -
436 2033 758 2117 παρεσκευασμένος,
772 2036 846 2102 ’καί
867 2031 887 2123 ἡ
907 2032 1088 2125 Ἰφιγένεια
1109 2030 1174 2125 ἤδη
1200 2034 1322 2128 κατάρ-

107 2171 202 2230 χεται
239 2140 387 2211 αὐτῶν·
424 2142 620 2227 καταντικρὺ
650 2144 756 2211 δέ-
790 2138 853 2233 ἤδη
887 2145 1110 2228 έκδεδυκιδς
1140 2146 1182 2214 roi
1215 2149 1323 2239 daupei

107 2256 309 2346 γέγραπται,
333 2252 391 2320 καί
413 2247 604 2342 φονεύων
627 2293 663 2303 -
689 2253 746 2320 καί
767 2255 863 2334 τέλος
886 2253 1188 2337 ἀποπλέοντες,
1212 2253 1323 2340 έχον-

107 2393 173 2446 τες
297 2386 371 2430 cum
393 2385 557 2452 perperam
580 2363 674 2428 modo
704 2364 743 2428 de
767 2363 879 2431 Oreste
908 2367 1137 2456 comprehenso
1159 2376 1191 2431 et
1212 2367 1325 2433 immo·

108 2477 203 2544 lando
227 2485 353 2564 agatur,
387 2471 482 2537 inodo
513 2474 555 2552 ei,
589 2474 631 2537 ita
663 2482 696 2536 ut
719 2472 847 2539 Orestes
878 2485 908 2540 et
930 2475 1068 2564 Pylades
1096 2474 1324 2565 intellegantur,

110 2586 268 2653 mactandi
291 2585 451 2662 dicantur,
479 2580 689 2669 addaturque,
717 2605 910 2671 quamquam
933 2588 1076 2674 proxime
1103 2588 1142 2650 de
1170 2584 1324 2651 ambobus

111 2696 221 2761 amicis
237 2715 340 2758 sermo
356 2693 421 2773 luit,
439 2714 512 2756 eum
529 2690 687 2778 (videlicet
702 2691 861 2781 Orestem)
877 2695 1010 2762 vinculis
1025 2695 1190 2760 liberatum
1207 2696 1326 2784 pictum

110 2805 217 2884 luisse,
241 2800 424 2867 caedentem
448 2850 532 2879 ....,
560 2810 655 2889 atque
678 2803 782 2866 statim
807 2805 909 2867 denuo
934 2803 1061 2891 pluralis
1083 2826 1233 2869 numerus
1255 2826 1327 2894 par-

110 2915 205 3003 ticipii
226 2915 267 2978 ita
285 2921 462 3000 usurpatur,
486 2921 519 2976 nt
542 2910 580 2974 ad
596 2911 706 2975 ambos
726 2913 846 2976 amicos
869 2916 1019 2979 referatur
1042 2915 1112 3003 (καί
1126 2915 1223 2993 τέλος
1237 2909 1325 2983 cirro-

111 3023 299 3107 πλέοντες),
322 3020 456 3086 lacobus
479 3019 560 3085 hanc
584 3019 765 3108 perplexam
789 3023 960 3086 orationem
983 3025 1198 3103 „commotiori
1221 3026 1324 3089 animo

112 3145 218 3224 aptam
241 3131 327 3198 esse''
352 3132 432 3196 dicit.
466 3127 579 3215 Neque
595 3130 774 3216 negandum
791 3138 848 3209 est,
871 3130 972 3196 solere
987 3133 1155 3221 scriptores
1171 3141 1202 3197 et
1217 3141 1326 3221 poetas

114 3246 256 3310 Graecos
284 3239 481 3330 perturbatos
508 3237 649 3300 homines
679 3238 857 3326 perturbato
886 3262 1030 3307 sermone
1061 3251 1185 3307 utentes
1211 3243 1325 3324 lacere,

113 3355 243 3440 eiusque
270 3352 313 3416 rei
347 3347 491 3437 exempla
521 3347 696 3435 Antigonae
724 3346 925 3436 Sophocleae
950 3351 1069 3415 initium
1101 3359 1132 3417 et
1159 3374 1212 3431 ea,
1245 3375 1327 3439 quae

113 3463 198 3554 apud
217 3457 436 3547 Thucydidem
463 3457 483 3521 Ι.
499 3455 539 3521 ΙΙΙ
563 3457 644 3523 aaa
676 3455 839 3544 leguntur,
868 3461 1005 3524 maxime
1034 3469 1108 3525 nola
1136 3469 1216 3526 sunt.
1262 3461 1328 3528 Sed

114 3583 178 3654 est,
208 3594 264 3638 cur
293 3576 453 3635 commota
482 3567 522 3630 sit
549 3566 724 3654 Antigona,
747 3569 922 3634 conturbati
950 3571 1010 3635 sint
1033 3569 1253 3653 Plataeenses,
1275 3576 1327 3660 qui

114 3683 207 3749 linem
229 3680 375 3748 orationis
398 3675 510 3741 lacturi
534 3685 665 3741 mortem
689 3676 744 3740 sibi
768 3680 942 3766 proximam
966 3702 1036 3744 esse
1054 3701 1116 3744 non
1134 3681 1277 3769 ignorent
1288 3684 1329 3768 *),

116 3791 263 3856 Toxaridi
285 3812 371 3869 vero,
395 3788 446 3875 qui
461 3785 598 3875 picturas
615 3785 769 3867 describit,
791 3809 847 3853 cnr
868 3790 1052 3853 commotior
1075 3791 1114 3853 sit
1129 3791 1250 3854 animus
1264 3813 1328 3857 non

116 3902 191 3965 item
213 3909 355 3987 apparet3
385 3897 495 3962 deinde
518 3897 694 3984 Antigonae
716 3906 748 3962 et
769 3895 1002 3963 Plataeensium
1025 3899 1137 3979 verbis,
1160 3900 1237 3964 scita
1261 3911 1327 3967 arte

116 4010 266 4088 confusis,
288 4009 380 4073 animi
395 4029 513 4087 eorum,
536 4010 589 4096 qui
604 4009 721 4094 legunt,
742 4007 959 4073 vehementius
974 4017 1205 4097 permoventur,
1220 4008 1327 4075 Toxa-

116 4120 189 4185 ridis
212 4140 287 4183 vero
310 4116 457 4205 perplexa
487 4119 624 4182 oratione
652 4116 723 4182 nilril
754 4117 837 4182 aliud
860 4116 1006 4198 efficitur,
1038 4119 1094 4181 nisi
1124 4126 1158 4181 ut
1186 4120 1253 4184 eius
1276 4122 1327 4197 rei,

187 4302 215 4368 l)
235 4294 304 4368 ὅπερ
324 4295 355 4348 δὲ
376 4292 530 4364 ἀναγκαῖόν
548 4318 574 4352 τε
593 4302 639 4352 καὶ
654 4295 851 4367 χαλεπώτατον
865 4301 920 4354 τοῖς
939 4283 992 4348 ὧδε
1011 4295 1115 4361 έχουσι,
1134 4292 1218 4361 λόγου
1237 4297 1327 4349 τελευ-

118 4387 183 4450 τᾶν,
205 4382 273 4438 διότι
298 4387 344 4437 καὶ
366 4385 416 4438 νοῦ
442 4388 504 4451 βίον
527 4381 541 4436 ὁ
567 4387 694 4445 κίνδυνος
724 4384 805 4455 ἔγγὺς
826 4378 882 4454 μετ’
908 4380 1007 4444 αὐτοῦ,
1032 4377 1188 4449 παυόμενοι
1210 4381 1327 4452 λέγομεν

120 4466 172 4537 ἤδη
