<?xml version="1.0" encoding="UTF-8"?>
<!DOCTYPE html PUBLIC "-//W3C//DTD XHTML 1.0 Transitional//EN"
    "http://www.w3.org/TR/xhtml1/DTD/xhtml1-transitional.dtd">
<html xmlns="http://www.w3.org/1999/xhtml" xml:lang="en" lang="en">
 <head>
  <title>
</title>
<meta http-equiv="Content-Type" content="text/html;charset=utf-8" />
  <meta name='ocr-system' content='tesseract 3.04.00' />
  <meta name='ocr-capabilities' content='ocr_page ocr_carea ocr_par ocr_line ocrx_word'/>
</head>
<body>
  <div class='ocr_page' id='page_1' title='image "./desubditoquiint00guttgoog_0113.png"; bbox 0 0 2856 4906; ppageno 0'>
   <div class='ocr_carea' id='block_1_1' title="bbox 716 223 778 289">
    <p class='ocr_par' dir='ltr' id='par_1_1' title="bbox 716 223 778 289">
     <span class='ocr_line' id='line_1_1' title="bbox 716 223 778 289; baseline -0.016 0"><span class='ocrx_word' id='word_1_1' title='bbox 716 223 778 289; x_wconf 83' lang='lat'>102</span> 
     </span>
    </p>
   </div>
   <div class='ocr_carea' id='block_1_2' title="bbox 144 393 1380 4130">
    <p class='ocr_par' dir='ltr' id='par_1_2' title="bbox 145 393 1366 2584">
     <span class='ocr_line' id='line_1_2' title="bbox 146 393 1361 488; baseline 0.001 -25"><span class='ocrx_word' id='word_1_2' title='bbox 146 405 252 488; x_wconf 88' lang='lat' dir='ltr'>potest</span> <span class='ocrx_word' id='word_1_3' title='bbox 281 404 503 487; x_wconf 75' lang='lat' dir='ltr'><strong>argumentum</strong></span> <span class='ocrx_word' id='word_1_4' title='bbox 532 395 571 462; x_wconf 89' lang='lat' dir='ltr'>ad</span> <span class='ocrx_word' id='word_1_5' title='bbox 600 393 811 487; x_wconf 90' lang='lat' dir='ltr'>probandum,</span> <span class='ocrx_word' id='word_1_6' title='bbox 845 415 967 460; x_wconf 87' lang='lat' dir='ltr'>morem</span> <span class='ocrx_word' id='word_1_7' title='bbox 994 393 1083 461; x_wconf 91' lang='lat' dir='ltr'>illum</span> <span class='ocrx_word' id='word_1_8' title='bbox 1112 419 1146 462; x_wconf 86' lang='lat' dir='ltr'>re</span> <span class='ocrx_word' id='word_1_9' title='bbox 1173 418 1248 464; x_wconf 87' lang='lat' dir='ltr'>vera</span> <span class='ocrx_word' id='word_1_10' title='bbox 1276 395 1361 487; x_wconf 90' lang='lat' dir='ltr'>Scy-</span> 
     </span>
     <span class='ocr_line' id='line_1_3' title="bbox 146 504 1361 595; baseline 0.002 -22"><span class='ocrx_word' id='word_1_11' title='bbox 146 506 273 574; x_wconf 90' lang='lat' dir='ltr'>tharum</span> <span class='ocrx_word' id='word_1_12' title='bbox 302 507 408 571; x_wconf 86' lang='lat' dir='ltr'>luisse.</span> <span class='ocrx_word' id='word_1_13' title='bbox 457 506 561 594; x_wconf 84' lang='lat' dir='ltr'>Atque</span> <span class='ocrx_word' id='word_1_14' title='bbox 589 504 663 571; x_wconf 91' lang='lat' dir='ltr'>mihi</span> <span class='ocrx_word' id='word_1_15' title='bbox 691 505 817 594; x_wconf 88' lang='lat' dir='ltr'>quidem</span> <span class='ocrx_word' id='word_1_16' title='bbox 847 528 1035 595; x_wconf 91' lang='lat' dir='ltr'>persuasum</span> <span class='ocrx_word' id='word_1_17' title='bbox 1064 516 1121 588; x_wconf 85' lang='lat' dir='ltr'>est,</span> <span class='ocrx_word' id='word_1_18' title='bbox 1148 509 1243 572; x_wconf 88' lang='lat' dir='ltr'>etiarn</span> <span class='ocrx_word' id='word_1_19' title='bbox 1274 506 1361 576; x_wconf 91' lang='lat' dir='ltr'>hunc</span> 
     </span>
     <span class='ocr_line' id='line_1_4' title="bbox 147 614 1363 708; baseline 0.001 -25"><span class='ocrx_word' id='word_1_20' title='bbox 147 639 269 685; x_wconf 88' lang='lat' dir='ltr'>morem</span> <span class='ocrx_word' id='word_1_21' title='bbox 291 615 370 682; x_wconf 91' lang='lat' dir='ltr'>alins</span> <span class='ocrx_word' id='word_1_22' title='bbox 392 616 555 682; x_wconf 89' lang='lat' dir='ltr'>cuiusdam</span> <span class='ocrx_word' id='word_1_23' title='bbox 578 614 686 706; x_wconf 90' lang='lat' dir='ltr'>populi</span> <span class='ocrx_word' id='word_1_24' title='bbox 708 618 812 708; x_wconf 88' lang='lat' dir='ltr'>inepte</span> <span class='ocrx_word' id='word_1_25' title='bbox 835 617 991 682; x_wconf 89' lang='lat' dir='ltr'>detortum</span> <span class='ocrx_word' id='word_1_26' title='bbox 1015 639 1032 680; x_wconf 91' lang='lat' dir='ltr'>a</span> <span class='ocrx_word' id='word_1_27' title='bbox 1059 617 1209 707; x_wconf 73' lang='lat' dir='ltr'>scriptore</span> <span class='ocrx_word' id='word_1_28' title='bbox 1231 617 1363 705; x_wconf 91' lang='lat' dir='ltr'>Scythis</span> 
     </span>
     <span class='ocr_line' id='line_1_5' title="bbox 148 724 1363 817; baseline 0.001 -24"><span class='ocrx_word' id='word_1_29' title='bbox 148 727 329 794; x_wconf 84' lang='lat' dir='ltr'>attributum</span> <span class='ocrx_word' id='word_1_30' title='bbox 354 727 471 811; x_wconf 87' lang='lat' dir='ltr'>esse¹);</span> <span class='ocrx_word' id='word_1_31' title='bbox 495 724 586 792; x_wconf 89' lang='lat' dir='ltr'>doleo</span> <span class='ocrx_word' id='word_1_32' title='bbox 610 736 725 808; x_wconf 90' lang='lat' dir='ltr'>autem,</span> <span class='ocrx_word' id='word_1_33' title='bbox 749 727 833 816; x_wconf 90' lang='lat' dir='ltr'>qnod</span> <span class='ocrx_word' id='word_1_34' title='bbox 854 748 927 792; x_wconf 90' lang='lat' dir='ltr'>cum</span> <span class='ocrx_word' id='word_1_35' title='bbox 942 727 972 791; x_wconf 95' lang='lat' dir='ltr'>in</span> <span class='ocrx_word' id='word_1_36' title='bbox 989 728 1219 792; x_wconf 88' lang='lat' dir='ltr'>commentariis</span> <span class='ocrx_word' id='word_1_37' title='bbox 1235 725 1363 817; x_wconf 89' lang='lat' dir='ltr'>Bipont.</span> 
     </span>
     <span class='ocr_line' id='line_1_6' title="bbox 147 834 1363 924; baseline 0 -20"><span class='ocrx_word' id='word_1_38' title='bbox 147 836 197 905; x_wconf 86' lang='lat' dir='ltr'>ed.</span> <span class='ocrx_word' id='word_1_39' title='bbox 220 835 347 903; x_wconf 89' lang='lat' dir='ltr'>Lucian.</span> <span class='ocrx_word' id='word_1_40' title='bbox 372 845 554 903; x_wconf 89' lang='lat' dir='ltr'>annotatum</span> <span class='ocrx_word' id='word_1_41' title='bbox 584 837 636 917; x_wconf 86' lang='lat' dir='ltr'>sit,</span> <span class='ocrx_word' id='word_1_42' title='bbox 668 835 850 924; x_wconf 88' lang='lat' dir='ltr'>Cognatum</span> <span class='ocrx_word' id='word_1_43' title='bbox 879 834 1046 917; x_wconf 86' lang='lat' dir='ltr'>allirmare,</span> <span class='ocrx_word' id='word_1_44' title='bbox 1079 859 1113 901; x_wconf 93' lang='lat' dir='ltr'>sc</span> <span class='ocrx_word' id='word_1_45' title='bbox 1136 834 1271 902; x_wconf 84' lang='lat' dir='ltr'>similem</span> <span class='ocrx_word' id='word_1_46' title='bbox 1293 837 1363 904; x_wconf 90' lang='lat' dir='ltr'>Ho-</span> 
     </span>
     <span class='ocr_line' id='line_1_7' title="bbox 146 944 1364 1036; baseline 0.004 -24"><span class='ocrx_word' id='word_1_47' title='bbox 146 945 351 1013; x_wconf 89' lang='lat' dir='ltr'>molottorum</span> <span class='ocrx_word' id='word_1_48' title='bbox 374 968 494 1013; x_wconf 88' lang='lat' dir='ltr'>morem</span> <span class='ocrx_word' id='word_1_49' title='bbox 517 945 600 1036; x_wconf 91' lang='lat' dir='ltr'>apud</span> <span class='ocrx_word' id='word_1_50' title='bbox 624 945 822 1012; x_wconf 89' lang='lat' dir='ltr'>Zenodotum</span> <span class='ocrx_word' id='word_1_51' title='bbox 844 944 974 1034; x_wconf 82' lang='lat' dir='ltr'><strong>legisse,</strong></span> <span class='ocrx_word' id='word_1_52' title='bbox 996 968 1055 1012; x_wconf 90' lang='lat' dir='ltr'>nec</span> <span class='ocrx_word' id='word_1_53' title='bbox 1076 944 1184 1013; x_wconf 88' lang='lat' dir='ltr'>locum</span> <span class='ocrx_word' id='word_1_54' title='bbox 1206 947 1364 1017; x_wconf 78' lang='lat' dir='ltr'><strong>Zenodoti</strong></span> 
     </span>
     <span class='ocr_line' id='line_1_8' title="bbox 145 1055 1364 1150; baseline 0.001 -25"><span class='ocrx_word' id='word_1_55' title='bbox 145 1079 205 1125; x_wconf 86' lang='lat' dir='ltr'>nec</span> <span class='ocrx_word' id='word_1_56' title='bbox 228 1060 371 1139; x_wconf 89' lang='lat' dir='ltr'>omnino,</span> <span class='ocrx_word' id='word_1_57' title='bbox 397 1061 448 1148; x_wconf 90' lang='lat' dir='ltr'>qui</span> <span class='ocrx_word' id='word_1_58' title='bbox 472 1060 532 1123; x_wconf 87' lang='lat' dir='ltr'>sint</span> <span class='ocrx_word' id='word_1_59' title='bbox 554 1056 738 1139; x_wconf 91' lang='lat' dir='ltr'>Homolotti,</span> <span class='ocrx_word' id='word_1_60' title='bbox 762 1057 900 1123; x_wconf 89' lang='lat' dir='ltr'>invenire</span> <span class='ocrx_word' id='word_1_61' title='bbox 922 1057 1018 1145; x_wconf 90' lang='lat' dir='ltr'>potui.</span> <span class='ocrx_word' id='word_1_62' title='bbox 1063 1055 1168 1146; x_wconf 85' lang='lat' dir='ltr'>lneptc</span> <span class='ocrx_word' id='word_1_63' title='bbox 1191 1059 1284 1150; x_wconf 88' lang='lat' dir='ltr'>igitur</span> <span class='ocrx_word' id='word_1_64' title='bbox 1307 1061 1364 1127; x_wconf 88' lang='lat' dir='ltr'>de-</span> 
     </span>
     <span class='ocr_line' id='line_1_9' title="bbox 149 1163 1363 1258; baseline 0.003 -25"><span class='ocrx_word' id='word_1_65' title='bbox 149 1176 232 1234; x_wconf 90' lang='lat' dir='ltr'>torta</span> <span class='ocrx_word' id='word_1_66' title='bbox 261 1190 333 1234; x_wconf 90' lang='lat' dir='ltr'>esse</span> <span class='ocrx_word' id='word_1_67' title='bbox 361 1191 413 1249; x_wconf 88' lang='lat' dir='ltr'>ea,</span> <span class='ocrx_word' id='word_1_68' title='bbox 447 1191 528 1257; x_wconf 90' lang='lat' dir='ltr'>quae</span> <span class='ocrx_word' id='word_1_69' title='bbox 552 1168 590 1236; x_wconf 90' lang='lat' dir='ltr'>de</span> <span class='ocrx_word' id='word_1_70' title='bbox 614 1166 807 1258; x_wconf 73' lang='lat' dir='ltr'>Scytharum</span> <span class='ocrx_word' id='word_1_71' title='bbox 829 1163 1024 1256; x_wconf 92' lang='lat' dir='ltr'>supplicandi</span> <span class='ocrx_word' id='word_1_72' title='bbox 1045 1188 1134 1234; x_wconf 89' lang='lat' dir='ltr'>more</span> <span class='ocrx_word' id='word_1_73' title='bbox 1155 1170 1363 1258; x_wconf 81' lang='lat' dir='ltr'>proferantur,</span> 
     </span>
     <span class='ocr_line' id='line_1_10' title="bbox 146 1274 1360 1370; baseline 0.003 -26"><span class='ocrx_word' id='word_1_74' title='bbox 146 1279 291 1360; x_wconf 75' lang='lat' dir='ltr'>arbitror,</span> <span class='ocrx_word' id='word_1_75' title='bbox 324 1279 460 1370; x_wconf 91' lang='lat' dir='ltr'>primum</span> <span class='ocrx_word' id='word_1_76' title='bbox 489 1278 574 1368; x_wconf 88' lang='lat' dir='ltr'>quod</span> <span class='ocrx_word' id='word_1_77' title='bbox 600 1301 663 1344; x_wconf 90' lang='lat' dir='ltr'>non</span> <span class='ocrx_word' id='word_1_78' title='bbox 686 1275 854 1343; x_wconf 89' lang='lat' dir='ltr'>verisimile</span> <span class='ocrx_word' id='word_1_79' title='bbox 880 1285 942 1358; x_wconf 88' lang='lat' dir='ltr'>est,</span> <span class='ocrx_word' id='word_1_80' title='bbox 978 1274 1175 1366; x_wconf 89' lang='lat' dir='ltr'>singulorum</span> <span class='ocrx_word' id='word_1_81' title='bbox 1198 1277 1360 1348; x_wconf 88' lang='lat' dir='ltr'>hominum</span> 
     </span>
     <span class='ocr_line' id='line_1_11' title="bbox 146 1385 1361 1479; baseline -0.001 -23"><span class='ocrx_word' id='word_1_82' title='bbox 146 1410 243 1456; x_wconf 92' lang='lat' dir='ltr'>causa</span> <span class='ocrx_word' id='word_1_83' title='bbox 268 1397 369 1454; x_wconf 90' lang='lat' dir='ltr'>totum</span> <span class='ocrx_word' id='word_1_84' title='bbox 394 1389 587 1477; x_wconf 83' lang='lat' dir='ltr'>Scytharum</span> <span class='ocrx_word' id='word_1_85' title='bbox 608 1385 762 1479; x_wconf 90' lang='lat' dir='ltr'>populum</span> <span class='ocrx_word' id='word_1_86' title='bbox 786 1386 825 1451; x_wconf 85' lang='lat' dir='ltr'>ad</span> <span class='ocrx_word' id='word_1_87' title='bbox 848 1408 935 1451; x_wconf 89' lang='lat' dir='ltr'>arma</span> <span class='ocrx_word' id='word_1_88' title='bbox 958 1389 1107 1453; x_wconf 89' lang='lat' dir='ltr'>concitari</span> <span class='ocrx_word' id='word_1_89' title='bbox 1130 1387 1258 1454; x_wconf 91' lang='lat' dir='ltr'>solitum</span> <span class='ocrx_word' id='word_1_90' title='bbox 1279 1412 1361 1474; x_wconf 90' lang='lat' dir='ltr'>esse,</span> 
     </span>
     <span class='ocr_line' id='line_1_12' title="bbox 146 1494 1359 1589; baseline 0 -23"><span class='ocrx_word' id='word_1_91' title='bbox 146 1497 257 1566; x_wconf 90' lang='lat' dir='ltr'>deinde</span> <span class='ocrx_word' id='word_1_92' title='bbox 279 1522 354 1566; x_wconf 90' lang='lat' dir='ltr'>cum</span> <span class='ocrx_word' id='word_1_93' title='bbox 377 1497 555 1589; x_wconf 86' lang='lat' dir='ltr'>complures</span> <span class='ocrx_word' id='word_1_94' title='bbox 579 1521 693 1587; x_wconf 81' lang='lat' dir='ltr'>greges</span> <span class='ocrx_word' id='word_1_95' title='bbox 716 1494 909 1586; x_wconf 86' lang='lat' dir='ltr'>Scytharum</span> <span class='ocrx_word' id='word_1_96' title='bbox 937 1496 1051 1563; x_wconf 89' lang='lat' dir='ltr'>diversi</span> <span class='ocrx_word' id='word_1_97' title='bbox 1078 1501 1186 1586; x_wconf 86' lang='lat' dir='ltr'>vagari</span> <span class='ocrx_word' id='word_1_98' title='bbox 1213 1497 1359 1584; x_wconf 85' lang='lat' dir='ltr'>solerent,</span> 
     </span>
     <span class='ocr_line' id='line_1_13' title="bbox 145 1605 1362 1699; baseline 0 -24"><span class='ocrx_word' id='word_1_99' title='bbox 145 1610 254 1676; x_wconf 91' lang='lat' dir='ltr'>ineos</span> <span class='ocrx_word' id='word_1_100' title='bbox 283 1611 336 1699; x_wconf 90' lang='lat' dir='ltr'>qui</span> <span class='ocrx_word' id='word_1_101' title='bbox 362 1607 447 1676; x_wconf 90' lang='lat' dir='ltr'>nulla</span> <span class='ocrx_word' id='word_1_102' title='bbox 476 1611 553 1675; x_wconf 88' lang='lat' dir='ltr'>inter</span> <span class='ocrx_word' id='word_1_103' title='bbox 583 1631 619 1674; x_wconf 92' lang='lat' dir='ltr'>se</span> <span class='ocrx_word' id='word_1_104' title='bbox 647 1605 729 1673; x_wconf 90' lang='lat' dir='ltr'>bella</span> <span class='ocrx_word' id='word_1_105' title='bbox 756 1607 920 1696; x_wconf 82' lang='lat' dir='ltr'>gerebant,</span> <span class='ocrx_word' id='word_1_106' title='bbox 955 1629 1025 1672; x_wconf 91' lang='lat' dir='ltr'>mos</span> <span class='ocrx_word' id='word_1_107' title='bbox 1052 1606 1105 1673; x_wconf 91' lang='lat' dir='ltr'>ille</span> <span class='ocrx_word' id='word_1_108' title='bbox 1132 1630 1195 1674; x_wconf 93' lang='lat' dir='ltr'>non</span> <span class='ocrx_word' id='word_1_109' title='bbox 1218 1609 1362 1698; x_wconf 84' lang='lat' dir='ltr'>quadrat,</span> 
     </span>
     <span class='ocr_line' id='line_1_14' title="bbox 147 1717 1364 1810; baseline 0.001 -25"><span class='ocrx_word' id='word_1_110' title='bbox 147 1742 242 1810; x_wconf 87' lang='lat' dir='ltr'>quem</span> <span class='ocrx_word' id='word_1_111' title='bbox 265 1719 430 1786; x_wconf 87' lang='lat' dir='ltr'>Toxaridis</span> <span class='ocrx_word' id='word_1_112' title='bbox 461 1721 592 1810; x_wconf 87' lang='lat' dir='ltr'>scriptor</span> <span class='ocrx_word' id='word_1_113' title='bbox 621 1742 716 1784; x_wconf 91' lang='lat' dir='ltr'>unam</span> <span class='ocrx_word' id='word_1_114' title='bbox 745 1718 840 1783; x_wconf 89' lang='lat' dir='ltr'>luisse</span> <span class='ocrx_word' id='word_1_115' title='bbox 863 1717 1055 1805; x_wconf 84' lang='lat' dir='ltr'>Scytharum</span> <span class='ocrx_word' id='word_1_116' title='bbox 1085 1718 1244 1785; x_wconf 87' lang='lat' dir='ltr'>civitatem</span> <span class='ocrx_word' id='word_1_117' title='bbox 1272 1729 1364 1786; x_wconf 87' lang='lat' dir='ltr'>ratus</span> 
     </span>
     <span class='ocr_line' id='line_1_15' title="bbox 145 1827 1366 1919; baseline 0.002 -24"><span class='ocrx_word' id='word_1_118' title='bbox 145 1830 315 1911; x_wconf 82' lang='lat' dir='ltr'>enarravit3</span> <span class='ocrx_word' id='word_1_119' title='bbox 350 1831 375 1896; x_wconf 90' lang='lat' dir='ltr'>si</span> <span class='ocrx_word' id='word_1_120' title='bbox 403 1831 472 1919; x_wconf 91' lang='lat' dir='ltr'>quis</span> <span class='ocrx_word' id='word_1_121' title='bbox 501 1839 607 1895; x_wconf 86' lang='lat' dir='ltr'>autem</span> <span class='ocrx_word' id='word_1_122' title='bbox 634 1829 787 1896; x_wconf 89' lang='lat' dir='ltr'>adversus</span> <span class='ocrx_word' id='word_1_123' title='bbox 815 1835 960 1892; x_wconf 87' lang='lat' dir='ltr'>externos</span> <span class='ocrx_word' id='word_1_124' title='bbox 989 1827 1096 1893; x_wconf 90' lang='lat' dir='ltr'>hostes</span> <span class='ocrx_word' id='word_1_125' title='bbox 1123 1828 1278 1895; x_wconf 91' lang='lat' dir='ltr'>ducturus</span> <span class='ocrx_word' id='word_1_126' title='bbox 1310 1831 1366 1911; x_wconf 89' lang='lat' dir='ltr'>ita,</span> 
     </span>
     <span class='ocr_line' id='line_1_16' title="bbox 146 1935 1366 2029; baseline 0.002 -25"><span class='ocrx_word' id='word_1_127' title='bbox 146 1946 181 2004; x_wconf 89' lang='lat' dir='ltr'>ut</span> <span class='ocrx_word' id='word_1_128' title='bbox 201 1939 231 2004; x_wconf 89' lang='lat' dir='ltr'>in</span> <span class='ocrx_word' id='word_1_129' title='bbox 255 1937 413 2005; x_wconf 89' lang='lat' dir='ltr'>Toxaride</span> <span class='ocrx_word' id='word_1_130' title='bbox 435 1940 582 2005; x_wconf 87' lang='lat' dir='ltr'>traditum</span> <span class='ocrx_word' id='word_1_131' title='bbox 604 1948 665 2020; x_wconf 90' lang='lat' dir='ltr'>est,</span> <span class='ocrx_word' id='word_1_132' title='bbox 699 1936 849 2004; x_wconf 86' lang='lat' dir='ltr'>auxilium</span> <span class='ocrx_word' id='word_1_133' title='bbox 872 1935 980 2028; x_wconf 91' lang='lat' dir='ltr'>populi</span> <span class='ocrx_word' id='word_1_134' title='bbox 1008 1937 1176 2029; x_wconf 88' lang='lat' dir='ltr'>implorare</span> <span class='ocrx_word' id='word_1_135' title='bbox 1196 1937 1366 2022; x_wconf 86' lang='lat' dir='ltr'>voluisset,</span> 
     </span>
     <span class='ocr_line' id='line_1_17' title="bbox 145 2048 1365 2140; baseline 0 -24"><span class='ocrx_word' id='word_1_136' title='bbox 145 2073 242 2139; x_wconf 86' lang='lat' dir='ltr'>quarn</span> <span class='ocrx_word' id='word_1_137' title='bbox 264 2050 318 2116; x_wconf 90' lang='lat' dir='ltr'>diu</span> <span class='ocrx_word' id='word_1_138' title='bbox 350 2051 377 2115; x_wconf 90' lang='lat' dir='ltr'>ei</span> <span class='ocrx_word' id='word_1_139' title='bbox 399 2051 428 2115; x_wconf 95' lang='lat' dir='ltr'>in</span> <span class='ocrx_word' id='word_1_140' title='bbox 450 2049 533 2140; x_wconf 89' lang='lat' dir='ltr'>pelle</span> <span class='ocrx_word' id='word_1_141' title='bbox 556 2048 729 2115; x_wconf 88' lang='lat' dir='ltr'>sedendum</span> <span class='ocrx_word' id='word_1_142' title='bbox 753 2057 835 2129; x_wconf 89' lang='lat' dir='ltr'>erat,</span> <span class='ocrx_word' id='word_1_143' title='bbox 865 2048 940 2113; x_wconf 86' lang='lat' dir='ltr'>dum</span> <span class='ocrx_word' id='word_1_144' title='bbox 964 2048 1077 2114; x_wconf 88' lang='lat' dir='ltr'>diversi</span> <span class='ocrx_word' id='word_1_145' title='bbox 1100 2070 1214 2138; x_wconf 83' lang='lat' dir='ltr'>greges</span> <span class='ocrx_word' id='word_1_146' title='bbox 1238 2070 1365 2139; x_wconf 89' lang='lat' dir='ltr'>cogno·</span> 
     </span>
     <span class='ocr_line' id='line_1_18' title="bbox 145 2156 1363 2251; baseline 0.001 -25"><span class='ocrx_word' id='word_1_147' title='bbox 145 2169 284 2242; x_wconf 88' lang='lat' dir='ltr'>scerent,</span> <span class='ocrx_word' id='word_1_148' title='bbox 313 2182 385 2226; x_wconf 89' lang='lat' dir='ltr'>eurn</span> <span class='ocrx_word' id='word_1_149' title='bbox 408 2182 501 2251; x_wconf 90' lang='lat' dir='ltr'>opem</span> <span class='ocrx_word' id='word_1_150' title='bbox 524 2159 562 2226; x_wconf 85' lang='lat' dir='ltr'>ab</span> <span class='ocrx_word' id='word_1_151' title='bbox 586 2160 630 2224; x_wconf 91' lang='lat' dir='ltr'>eis</span> <span class='ocrx_word' id='word_1_152' title='bbox 658 2156 787 2249; x_wconf 86' lang='lat' dir='ltr'>peterc‘?</span> <span class='ocrx_word' id='word_1_153' title='bbox 816 2181 919 2247; x_wconf 91' lang='lat' dir='ltr'>neque</span> <span class='ocrx_word' id='word_1_154' title='bbox 942 2182 979 2225; x_wconf 89' lang='lat' dir='ltr'>ea</span> <span class='ocrx_word' id='word_1_155' title='bbox 1002 2180 1036 2224; x_wconf 89' lang='lat' dir='ltr'>re</span> <span class='ocrx_word' id='word_1_156' title='bbox 1058 2158 1142 2248; x_wconf 91' lang='lat' dir='ltr'>quod</span> <span class='ocrx_word' id='word_1_157' title='bbox 1164 2159 1363 2227; x_wconf 88' lang='lat' dir='ltr'>Arsacomas</span> 
     </span>
     <span class='ocr_line' id='line_1_19' title="bbox 145 2267 1366 2362; baseline 0.001 -25"><span class='ocrx_word' id='word_1_158' title='bbox 145 2269 199 2338; x_wconf 90' lang='lat' dir='ltr'>ille</span> <span class='ocrx_word' id='word_1_159' title='bbox 221 2279 342 2361; x_wconf 89' lang='lat' dir='ltr'>septem</span> <span class='ocrx_word' id='word_1_160' title='bbox 365 2269 431 2337; x_wconf 91' lang='lat' dir='ltr'>dies</span> <span class='ocrx_word' id='word_1_161' title='bbox 453 2270 598 2338; x_wconf 87' lang='lat' dir='ltr'>manibus</span> <span class='ocrx_word' id='word_1_162' title='bbox 620 2270 651 2335; x_wconf 95' lang='lat' dir='ltr'>in</span> <span class='ocrx_word' id='word_1_163' title='bbox 680 2278 803 2359; x_wconf 90' lang='lat' dir='ltr'>tergum</span> <span class='ocrx_word' id='word_1_164' title='bbox 829 2271 950 2335; x_wconf 90' lang='lat' dir='ltr'>retortis</span> <span class='ocrx_word' id='word_1_165' title='bbox 979 2271 1089 2335; x_wconf 91' lang='lat' dir='ltr'>sedere</span> <span class='ocrx_word' id='word_1_166' title='bbox 1115 2267 1261 2337; x_wconf 86' lang='lat' dir='ltr'>toleravit</span> <span class='ocrx_word' id='word_1_167' title='bbox 1288 2293 1366 2362; x_wconf 90' lang='lat' dir='ltr'>pro·</span> 
     </span>
     <span class='ocr_line' id='line_1_20' title="bbox 145 2379 1363 2471; baseline 0.002 -23"><span class='ocrx_word' id='word_1_168' title='bbox 145 2381 250 2463; x_wconf 91' lang='lat' dir='ltr'>batur,</span> <span class='ocrx_word' id='word_1_169' title='bbox 289 2384 382 2448; x_wconf 88' lang='lat' dir='ltr'>etiam</span> <span class='ocrx_word' id='word_1_170' title='bbox 415 2380 493 2448; x_wconf 88' lang='lat' dir='ltr'>alios</span> <span class='ocrx_word' id='word_1_171' title='bbox 533 2379 675 2447; x_wconf 89' lang='lat' dir='ltr'>homines</span> <span class='ocrx_word' id='word_1_172' title='bbox 713 2379 775 2446; x_wconf 92' lang='lat' dir='ltr'>hoc</span> <span class='ocrx_word' id='word_1_173' title='bbox 809 2389 998 2447; x_wconf 89' lang='lat' dir='ltr'>tormentum</span> <span class='ocrx_word' id='word_1_174' title='bbox 1038 2390 1102 2447; x_wconf 87' lang='lat' dir='ltr'>tam</span> <span class='ocrx_word' id='word_1_175' title='bbox 1137 2379 1188 2445; x_wconf 93' lang='lat' dir='ltr'>diu</span> <span class='ocrx_word' id='word_1_176' title='bbox 1220 2382 1363 2471; x_wconf 83' lang='lat' dir='ltr'>perterre</span> 
     </span>
     <span class='ocr_line' id='line_1_21' title="bbox 145 2493 297 2584; baseline 0.007 -25"><span class='ocrx_word' id='word_1_177' title='bbox 145 2493 297 2584; x_wconf 89' lang='lat' dir='ltr'>potuisse.</span> 
     </span>
    </p>

    <p class='ocr_par' dir='ltr' id='par_1_3' title="bbox 144 2599 1363 3574">
     <span class='ocr_line' id='line_1_22' title="bbox 232 2599 1363 2691; baseline -0.001 -21"><span class='ocrx_word' id='word_1_178' title='bbox 232 2603 366 2671; x_wconf 86' lang='lat' dir='ltr'>Utinm</span> <span class='ocrx_word' id='word_1_179' title='bbox 396 2605 435 2671; x_wconf 91' lang='lat' dir='ltr'>ad</span> <span class='ocrx_word' id='word_1_180' title='bbox 461 2627 583 2672; x_wconf 92' lang='lat' dir='ltr'>morem</span> <span class='ocrx_word' id='word_1_181' title='bbox 611 2599 709 2691; x_wconf 83' lang='grc' dir='ltr'><strong><em>Ζίριν</em></strong></span> <span class='ocrx_word' id='word_1_182' title='bbox 736 2600 891 2667; x_wconf 88' lang='lat' dir='ltr'>clamandi</span> <span class='ocrx_word' id='word_1_183' title='bbox 918 2599 1161 2666; x_wconf 89' lang='lat' dir='ltr'>examinandum</span> <span class='ocrx_word' id='word_1_184' title='bbox 1189 2609 1363 2686; x_wconf 86' lang='lat' dir='ltr'>transeam,</span> 
     </span>
     <span class='ocr_line' id='line_1_23' title="bbox 145 2708 1362 2804; baseline -0.002 -20"><span class='ocrx_word' id='word_1_185' title='bbox 145 2723 256 2784; x_wconf 89' lang='lat' dir='ltr'>notum</span> <span class='ocrx_word' id='word_1_186' title='bbox 284 2724 346 2796; x_wconf 88' lang='lat' dir='ltr'>est,</span> <span class='ocrx_word' id='word_1_187' title='bbox 379 2716 493 2782; x_wconf 88' lang='lat' dir='ltr'>usitata</span> <span class='ocrx_word' id='word_1_188' title='bbox 520 2738 591 2781; x_wconf 90' lang='lat' dir='ltr'>esse</span> <span class='ocrx_word' id='word_1_189' title='bbox 617 2717 696 2780; x_wconf 90' lang='lat' dir='ltr'>inter</span> <span class='ocrx_word' id='word_1_190' title='bbox 723 2710 858 2804; x_wconf 89' lang='lat' dir='ltr'>populos</span> <span class='ocrx_word' id='word_1_191' title='bbox 887 2708 1105 2799; x_wconf 83' lang='lat' dir='ltr'>belligerantes</span> <span class='ocrx_word' id='word_1_192' title='bbox 1133 2730 1231 2776; x_wconf 88' lang='lat' dir='ltr'>voces</span> <span class='ocrx_word' id='word_1_193' title='bbox 1253 2713 1362 2802; x_wconf 90' lang='lat' dir='ltr'>signa·</span> 
     </span>
     <span class='ocr_line' id='line_1_24' title="bbox 146 2818 1360 2916; baseline 0 -26"><span class='ocrx_word' id='word_1_194' title='bbox 146 2848 223 2916; x_wconf 89' lang='lat' dir='ltr'>que,</span> <span class='ocrx_word' id='word_1_195' title='bbox 254 2826 367 2915; x_wconf 90' lang='lat' dir='ltr'>quibus</span> <span class='ocrx_word' id='word_1_196' title='bbox 394 2826 569 2891; x_wconf 89' lang='lat' dir='ltr'>internuntii</span> <span class='ocrx_word' id='word_1_197' title='bbox 597 2825 659 2890; x_wconf 91' lang='lat' dir='ltr'>iam</span> <span class='ocrx_word' id='word_1_198' title='bbox 680 2821 791 2915; x_wconf 88' lang='lat' dir='ltr'>procul</span> <span class='ocrx_word' id='word_1_199' title='bbox 813 2820 1000 2911; x_wconf 85' lang='lat' dir='ltr'>significent,</span> <span class='ocrx_word' id='word_1_200' title='bbox 1023 2843 1058 2886; x_wconf 91' lang='lat' dir='ltr'>se</span> <span class='ocrx_word' id='word_1_201' title='bbox 1080 2830 1116 2886; x_wconf 89' lang='lat' dir='ltr'>ut</span> <span class='ocrx_word' id='word_1_202' title='bbox 1137 2821 1177 2885; x_wconf 89' lang='lat' dir='ltr'>de</span> <span class='ocrx_word' id='word_1_203' title='bbox 1197 2818 1303 2910; x_wconf 85' lang='lat' dir='ltr'>aliqua</span> <span class='ocrx_word' id='word_1_204' title='bbox 1317 2846 1360 2890; x_wconf 84' lang='lat' dir='ltr'>re</span> 
     </span>
     <span class='ocr_line' id='line_1_25' title="bbox 145 2929 1356 3028; baseline -0.004 -25"><span class='ocrx_word' id='word_1_205' title='bbox 145 2938 346 3028; x_wconf 88' lang='lat' dir='ltr'>paciscantur</span> <span class='ocrx_word' id='word_1_206' title='bbox 376 2944 508 3025; x_wconf 87' lang='lat' dir='ltr'>pacatos</span> <span class='ocrx_word' id='word_1_207' title='bbox 541 2937 664 3015; x_wconf 90' lang='lat' dir='ltr'>venire,</span> <span class='ocrx_word' id='word_1_208' title='bbox 703 2955 805 3021; x_wconf 89' lang='lat' dir='ltr'>neque</span> <span class='ocrx_word' id='word_1_209' title='bbox 840 2931 1036 3020; x_wconf 87' lang='lat' dir='ltr'>negandum,</span> <span class='ocrx_word' id='word_1_210' title='bbox 1073 2952 1194 2996; x_wconf 91' lang='lat' dir='ltr'>morem</span> <span class='ocrx_word' id='word_1_211' title='bbox 1223 2929 1356 2998; x_wconf 88' lang='lat' dir='ltr'>similem</span> 
     </span>
     <span class='ocr_line' id='line_1_26' title="bbox 145 3038 1358 3135; baseline -0.002 -23"><span class='ocrx_word' id='word_1_212' title='bbox 145 3048 239 3113; x_wconf 88' lang='lat' dir='ltr'>etiam</span> <span class='ocrx_word' id='word_1_213' title='bbox 261 3044 389 3134; x_wconf 87' lang='lat' dir='ltr'>Scythis</span> <span class='ocrx_word' id='word_1_214' title='bbox 414 3045 644 3135; x_wconf 90' lang='lat' dir='ltr'>Sarmatisque,</span> <span class='ocrx_word' id='word_1_215' title='bbox 674 3041 806 3108; x_wconf 86' lang='lat' dir='ltr'>finitimis</span> <span class='ocrx_word' id='word_1_216' title='bbox 834 3038 974 3130; x_wconf 90' lang='lat' dir='ltr'>populis,</span> <span class='ocrx_word' id='word_1_217' title='bbox 1008 3063 1079 3106; x_wconf 91' lang='lat' dir='ltr'>esse</span> <span class='ocrx_word' id='word_1_218' title='bbox 1107 3044 1263 3132; x_wconf 83' lang='lat' dir='ltr'>potuisse3</span> <span class='ocrx_word' id='word_1_219' title='bbox 1301 3043 1358 3110; x_wconf 91' lang='lat' dir='ltr'>sed</span> 
     </span>
     <span class='ocr_line' id='line_1_27' title="bbox 145 3151 1361 3244; baseline -0.002 -22"><span class='ocrx_word' id='word_1_220' title='bbox 145 3157 265 3223; x_wconf 87' lang='lat' dir='ltr'>etiamsi</span> <span class='ocrx_word' id='word_1_221' title='bbox 293 3153 509 3235; x_wconf 90' lang='lat' dir='ltr'>concedimus,</span> <span class='ocrx_word' id='word_1_222' title='bbox 543 3155 627 3242; x_wconf 89' lang='lat' dir='ltr'>quod</span> <span class='ocrx_word' id='word_1_223' title='bbox 654 3154 708 3217; x_wconf 92' lang='lat' dir='ltr'>vix</span> <span class='ocrx_word' id='word_1_224' title='bbox 737 3151 938 3216; x_wconf 88' lang='lat' dir='ltr'>statuendum</span> <span class='ocrx_word' id='word_1_225' title='bbox 967 3151 1021 3232; x_wconf 90' lang='lat' dir='ltr'>sit,</span> <span class='ocrx_word' id='word_1_226' title='bbox 1058 3173 1076 3216; x_wconf 90' lang='lat' dir='ltr'>a</span> <span class='ocrx_word' id='word_1_227' title='bbox 1099 3152 1254 3217; x_wconf 89' lang='lat' dir='ltr'>Sarmatis</span> <span class='ocrx_word' id='word_1_228' title='bbox 1276 3151 1361 3244; x_wconf 91' lang='lat' dir='ltr'>Scy·</span> 
     </span>
     <span class='ocr_line' id='line_1_28' title="bbox 144 3259 1363 3354; baseline 0.001 -23"><span class='ocrx_word' id='word_1_229' title='bbox 144 3264 269 3354; x_wconf 89' lang='lat' dir='ltr'>thisque</span> <span class='ocrx_word' id='word_1_230' title='bbox 286 3265 426 3354; x_wconf 88' lang='lat' dir='ltr'>captivos</span> <span class='ocrx_word' id='word_1_231' title='bbox 442 3263 550 3329; x_wconf 88' lang='lat' dir='ltr'>redimi</span> <span class='ocrx_word' id='word_1_232' title='bbox 570 3260 678 3328; x_wconf 92' lang='lat' dir='ltr'>solitos</span> <span class='ocrx_word' id='word_1_233' title='bbox 694 3284 773 3343; x_wconf 91' lang='lat' dir='ltr'>esse,</span> <span class='ocrx_word' id='word_1_234' title='bbox 796 3259 858 3326; x_wconf 91' lang='lat' dir='ltr'>hoc</span> <span class='ocrx_word' id='word_1_235' title='bbox 874 3259 958 3326; x_wconf 89' lang='lat' dir='ltr'>credi</span> <span class='ocrx_word' id='word_1_236' title='bbox 979 3281 1042 3325; x_wconf 92' lang='lat' dir='ltr'>non</span> <span class='ocrx_word' id='word_1_237' title='bbox 1064 3270 1177 3350; x_wconf 89' lang='lat' dir='ltr'>potest,</span> <span class='ocrx_word' id='word_1_238' title='bbox 1199 3265 1363 3354; x_wconf 82' lang='lat' dir='ltr'>propriam</span> 
     </span>
     <span class='ocr_line' id='line_1_29' title="bbox 146 3369 1361 3464; baseline -0.001 -22"><span class='ocrx_word' id='word_1_239' title='bbox 146 3396 261 3442; x_wconf 90' lang='lat' dir='ltr'>vocem</span> <span class='ocrx_word' id='word_1_240' title='bbox 282 3374 388 3454; x_wconf 90' lang='lat' dir='ltr'>luisse,</span> <span class='ocrx_word' id='word_1_241' title='bbox 412 3396 474 3462; x_wconf 88' lang='lat' dir='ltr'>qua</span> <span class='ocrx_word' id='word_1_242' title='bbox 495 3373 589 3464; x_wconf 89' lang='lat' dir='ltr'>legati</span> <span class='ocrx_word' id='word_1_243' title='bbox 613 3397 648 3440; x_wconf 92' lang='lat' dir='ltr'>se</span> <span class='ocrx_word' id='word_1_244' title='bbox 671 3372 710 3439; x_wconf 90' lang='lat' dir='ltr'>ad</span> <span class='ocrx_word' id='word_1_245' title='bbox 733 3373 875 3462; x_wconf 89' lang='lat' dir='ltr'>captivos</span> <span class='ocrx_word' id='word_1_246' title='bbox 899 3369 1097 3436; x_wconf 87' lang='lat' dir='ltr'>redimendos</span> <span class='ocrx_word' id='word_1_247' title='bbox 1118 3373 1225 3438; x_wconf 91' lang='lat' dir='ltr'>venire</span> <span class='ocrx_word' id='word_1_248' title='bbox 1245 3373 1361 3463; x_wconf 89' lang='lat' dir='ltr'>procul</span> 
     </span>
     <span class='ocr_line' id='line_1_30' title="bbox 145 3483 395 3574; baseline -0.016 -22"><span class='ocrx_word' id='word_1_249' title='bbox 145 3483 395 3574; x_wconf 85' lang='lat' dir='ltr'>significaverint.</span> 
     </span>
    </p>

    <p class='ocr_par' dir='ltr' id='par_1_4' title="bbox 145 3592 1380 4130">
     <span class='ocr_line' id='line_1_31' title="bbox 233 3592 1362 3686; baseline 0.004 -27"><span class='ocrx_word' id='word_1_250' title='bbox 233 3593 359 3660; x_wconf 86' lang='lat' dir='ltr'>Acinaci</span> <span class='ocrx_word' id='word_1_251' title='bbox 382 3604 504 3675; x_wconf 86' lang='lat' dir='ltr'>autern,</span> <span class='ocrx_word' id='word_1_252' title='bbox 527 3595 557 3660; x_wconf 90' lang='lat' dir='ltr'>si</span> <span class='ocrx_word' id='word_1_253' title='bbox 565 3616 638 3685; x_wconf 84' lang='lat' dir='ltr'>gno</span> <span class='ocrx_word' id='word_1_254' title='bbox 661 3592 783 3676; x_wconf 88' lang='lat' dir='ltr'>hlartis,</span> <span class='ocrx_word' id='word_1_255' title='bbox 817 3592 966 3660; x_wconf 88' lang='lat' dir='ltr'>sacrificia</span> <span class='ocrx_word' id='word_1_256' title='bbox 988 3594 1071 3660; x_wconf 86' lang='lat' dir='ltr'>lacta</span> <span class='ocrx_word' id='word_1_257' title='bbox 1095 3617 1166 3660; x_wconf 91' lang='lat' dir='ltr'>esse</span> <span class='ocrx_word' id='word_1_258' title='bbox 1188 3618 1206 3661; x_wconf 91' lang='lat' dir='ltr'>a</span> <span class='ocrx_word' id='word_1_259' title='bbox 1229 3594 1362 3686; x_wconf 91' lang='lat' dir='ltr'>Scythis</span> 
     </span>
     <span class='ocr_line' id='line_1_32' title="bbox 145 3703 1361 3796; baseline 0.003 -24"><span class='ocrx_word' id='word_1_260' title='bbox 145 3703 238 3772; x_wconf 86' lang='lat' dir='ltr'>tradit</span> <span class='ocrx_word' id='word_1_261' title='bbox 254 3703 435 3771; x_wconf 90' lang='lat' dir='ltr'>Herodotus</span> <span class='ocrx_word' id='word_1_262' title='bbox 457 3703 523 3788; x_wconf 86' lang='lat' dir='ltr'>(IV,</span> <span class='ocrx_word' id='word_1_263' title='bbox 534 3706 592 3795; x_wconf 78' lang='lat'>62)</span> <span class='ocrx_word' id='word_1_264' title='bbox 616 3706 706 3795; x_wconf 88' lang='lat' dir='ltr'>eique</span> <span class='ocrx_word' id='word_1_265' title='bbox 729 3705 805 3771; x_wconf 89' lang='lat' dir='ltr'>fides</span> <span class='ocrx_word' id='word_1_266' title='bbox 828 3704 991 3772; x_wconf 88' lang='lat' dir='ltr'>tribuenda</span> <span class='ocrx_word' id='word_1_267' title='bbox 1007 3714 1065 3785; x_wconf 87' lang='lat' dir='ltr'>cst,</span> <span class='ocrx_word' id='word_1_268' title='bbox 1087 3727 1191 3796; x_wconf 90' lang='lat' dir='ltr'>neque</span> <span class='ocrx_word' id='word_1_269' title='bbox 1213 3706 1361 3776; x_wconf 91' lang='lat' dir='ltr'>audiendi</span> 
     </span>
     <span class='ocr_line' id='line_1_33' title="bbox 147 3813 1361 3907; baseline 0.004 -26"><span class='ocrx_word' id='word_1_270' title='bbox 147 3824 222 3881; x_wconf 86' lang='lat' dir='ltr'>sunt</span> <span class='ocrx_word' id='word_1_271' title='bbox 243 3819 287 3896; x_wconf 88' lang='lat' dir='ltr'>ei,</span> <span class='ocrx_word' id='word_1_272' title='bbox 310 3815 362 3903; x_wconf 90' lang='lat' dir='ltr'>qui</span> <span class='ocrx_word' id='word_1_273' title='bbox 384 3817 494 3906; x_wconf 89' lang='lat' dir='ltr'>opinor</span> <span class='ocrx_word' id='word_1_274' title='bbox 517 3839 557 3882; x_wconf 89' lang='lat' dir='ltr'>ex</span> <span class='ocrx_word' id='word_1_275' title='bbox 579 3838 626 3897; x_wconf 90' lang='lat' dir='ltr'>eo,</span> <span class='ocrx_word' id='word_1_276' title='bbox 650 3815 735 3905; x_wconf 86' lang='lat' dir='ltr'>quod</span> <span class='ocrx_word' id='word_1_277' title='bbox 756 3813 808 3882; x_wconf 91' lang='lat' dir='ltr'>hic</span> <span class='ocrx_word' id='word_1_278' title='bbox 831 3815 970 3904; x_wconf 91' lang='lat' dir='ltr'>prodidit,</span> <span class='ocrx_word' id='word_1_279' title='bbox 991 3815 1068 3882; x_wconf 93' lang='lat' dir='ltr'>illud</span> <span class='ocrx_word' id='word_1_280' title='bbox 1083 3815 1249 3899; x_wconf 86' lang='lat' dir='ltr'>linxerunt,</span> <span class='ocrx_word' id='word_1_281' title='bbox 1272 3818 1361 3907; x_wconf 89' lang='lat' dir='ltr'>Scy-</span> 
     </span>
     <span class='ocr_line' id='line_1_34' title="bbox 145 3923 1380 4017; baseline 0.006 -28"><span class='ocrx_word' id='word_1_282' title='bbox 145 3923 218 3993; x_wconf 86' lang='lat' dir='ltr'>thas</span> <span class='ocrx_word' id='word_1_283' title='bbox 246 3925 407 3992; x_wconf 91' lang='lat' dir='ltr'>acinacem</span> <span class='ocrx_word' id='word_1_284' title='bbox 440 3926 535 3992; x_wconf 92' lang='lat' dir='ltr'>deum</span> <span class='ocrx_word' id='word_1_285' title='bbox 563 3949 634 3992; x_wconf 90' lang='lat' dir='ltr'>esse</span> <span class='ocrx_word' id='word_1_286' title='bbox 665 3925 842 3994; x_wconf 89' lang='lat' dir='ltr'>credidisse.</span> <span class='ocrx_word' id='word_1_287' title='bbox 899 3928 999 3995; x_wconf 90' lang='lat' dir='ltr'>Porro</span> <span class='ocrx_word' id='word_1_288' title='bbox 1027 3948 1082 3992; x_wconf 89' lang='lat' dir='ltr'>eos</span> <span class='ocrx_word' id='word_1_289' title='bbox 1110 3949 1167 4017; x_wconf 92' lang='lat' dir='ltr'>per</span> <span class='ocrx_word' id='word_1_290' title='bbox 1194 3928 1380 3996; x_wconf 88' lang='lat' dir='ltr'>acinacem</span> 
     </span>
     <span class='ocr_line' id='line_1_35' title="bbox 145 4033 1356 4130; baseline 0.002 -29"><span class='ocrx_word' id='word_1_291' title='bbox 145 4034 297 4101; x_wconf 86' lang='lat' dir='ltr'>iuravisse</span> <span class='ocrx_word' id='word_1_292' title='bbox 325 4033 408 4101; x_wconf 90' lang='lat' dir='ltr'>credi</span> <span class='ocrx_word' id='word_1_293' title='bbox 436 4045 553 4126; x_wconf 86' lang='lat' dir='ltr'>potest,</span> <span class='ocrx_word' id='word_1_294' title='bbox 588 4059 781 4127; x_wconf 88' lang='lat' dir='ltr'>quamquam</span> <span class='ocrx_word' id='word_1_295' title='bbox 802 4039 968 4105; x_wconf 88' lang='lat' dir='ltr'>Toxaridis</span> <span class='ocrx_word' id='word_1_296' title='bbox 996 4039 1128 4130; x_wconf 89' lang='lat' dir='ltr'>scriptor</span> <span class='ocrx_word' id='word_1_297' title='bbox 1153 4036 1183 4104; x_wconf 95' lang='lat' dir='ltr'>id</span> <span class='ocrx_word' id='word_1_298' title='bbox 1207 4060 1248 4104; x_wconf 90' lang='lat' dir='ltr'>ex</span> <span class='ocrx_word' id='word_1_299' title='bbox 1269 4037 1356 4105; x_wconf 94' lang='lat' dir='ltr'>nullo</span> 
     </span>
    </p>
   </div>
   <div class='ocr_carea' id='block_1_3' title="bbox 146 4308 1359 4556">
    <p class='ocr_par' dir='ltr' id='par_1_5' title="bbox 146 4308 1359 4556">
     <span class='ocr_line' id='line_1_36' title="bbox 219 4308 1359 4381; baseline 0.009 -19"><span class='ocrx_word' id='word_1_300' title='bbox 219 4308 239 4374; x_wconf 91' lang='lat'>¹)</span> <span class='ocrx_word' id='word_1_301' title='bbox 258 4310 375 4364; x_wconf 75' lang='lat' dir='ltr'>conferri</span> <span class='ocrx_word' id='word_1_302' title='bbox 393 4318 505 4380; x_wconf 87' lang='lat' dir='ltr'>possunt</span> <span class='ocrx_word' id='word_1_303' title='bbox 519 4329 587 4379; x_wconf 83' lang='lat' dir='ltr'>quae</span> <span class='ocrx_word' id='word_1_304' title='bbox 604 4315 636 4366; x_wconf 82' lang='lat' dir='ltr'>de</span> <span class='ocrx_word' id='word_1_305' title='bbox 647 4316 834 4367; x_wconf 78' lang='lat' dir='ltr'>Germanorum</span> <span class='ocrx_word' id='word_1_306' title='bbox 850 4314 1017 4367; x_wconf 83' lang='lat' dir='ltr'>comitatibus</span> <span class='ocrx_word' id='word_1_307' title='bbox 1031 4320 1094 4368; x_wconf 80' lang='lat' dir='ltr'>notu</span> <span class='ocrx_word' id='word_1_308' title='bbox 1105 4314 1255 4381; x_wconf 60' lang='lat' dir='ltr'>medantum</span> <span class='ocrx_word' id='word_1_309' title='bbox 1275 4317 1359 4372; x_wconf 79' lang='lat' dir='ltr'>etiem</span> 
     </span>
     <span class='ocr_line' id='line_1_37' title="bbox 146 4397 1358 4474; baseline 0.011 -26"><span class='ocrx_word' id='word_1_310' title='bbox 146 4397 190 4461; x_wconf 87' lang='lat' dir='ltr'>td,</span> <span class='ocrx_word' id='word_1_311' title='bbox 215 4399 286 4465; x_wconf 82' lang='lat' dir='ltr'>quod</span> <span class='ocrx_word' id='word_1_312' title='bbox 303 4401 403 4468; x_wconf 74' lang='lat' dir='ltr'>singuli</span> <span class='ocrx_word' id='word_1_313' title='bbox 422 4406 526 4454; x_wconf 86' lang='lat' dir='ltr'>uentum</span> <span class='ocrx_word' id='word_1_314' title='bbox 544 4402 642 4454; x_wconf 82' lang='lat' dir='ltr'>milites</span> <span class='ocrx_word' id='word_1_315' title='bbox 661 4402 813 4472; x_wconf 77' lang='lat' dir='ltr'>praebuisse</span> <span class='ocrx_word' id='word_1_316' title='bbox 832 4403 968 4471; x_wconf 86' lang='lat' dir='ltr'>dicuntur,</span> <span class='ocrx_word' id='word_1_317' title='bbox 991 4405 1076 4474; x_wconf 74' lang='lat' dir='ltr'>magis</span> <span class='ocrx_word' id='word_1_318' title='bbox 1098 4405 1128 4454; x_wconf 87' lang='lat' dir='ltr'>in</span> <span class='ocrx_word' id='word_1_319' title='bbox 1146 4403 1292 4459; x_wconf 80' lang='lat' dir='ltr'>Germanos</span> <span class='ocrx_word' id='word_1_320' title='bbox 1310 4422 1358 4463; x_wconf 81' lang='lat' dir='ltr'>ve-</span> 
     </span>
     <span class='ocr_line' id='line_1_38' title="bbox 148 4486 586 4556; baseline 0.014 -20"><span class='ocrx_word' id='word_1_321' title='bbox 148 4486 216 4536; x_wconf 78' lang='lat' dir='ltr'>teres</span> <span class='ocrx_word' id='word_1_322' title='bbox 234 4500 313 4551; x_wconf 82' lang='lat' dir='ltr'>quem</span> <span class='ocrx_word' id='word_1_323' title='bbox 330 4489 359 4540; x_wconf 86' lang='lat' dir='ltr'>iu</span> <span class='ocrx_word' id='word_1_324' title='bbox 378 4489 490 4556; x_wconf 77' lang='lat' dir='ltr'>Scythae</span> <span class='ocrx_word' id='word_1_325' title='bbox 507 4490 586 4542; x_wconf 80' lang='lat' dir='ltr'>cadit.</span> 
     </span>
    </p>
   </div>
   <div class='ocr_carea' id='block_1_4' title="bbox 0 0 1432 4906">
    <p class='ocr_par' dir='ltr' id='par_1_6' title="bbox 0 0 1432 4906">
     <span class='ocr_line' id='line_1_39' title="bbox 0 0 1432 4906; baseline 0 0"><span class='ocrx_word' id='word_1_326' title='bbox 0 0 1432 4906; x_wconf 95' lang='lat' dir='ltr'> </span> 
     </span>
    </p>
   </div>
  </div>
 </body>
</html>
