2856 4906
721 210 764 277 72

204 384 261 450 dici
286 381 390 449 solent
412 384 456 460 ei,
484 382 536 470 qui
560 403 637 446 suae
660 380 823 470 potestatis
847 389 921 447 sunt
943 378 1062 466 (Vigor.
1078 401 1107 468 p.
1131 379 1190 443 169
1214 371 1354 452 atrum-

200 518 276 577 μος,
307 487 504 581 αὐτοτελής,
533 485 725 572 αύνόδικος,
755 491 807 578 qui
830 513 870 555 ne
892 488 1016 578 depend
1039 488 1069 555 ni
1092 486 1197 555 releve
1218 488 1259 555 de
1282 511 1354 578 per·

150 661 157 666 ,,
208 608 329 687 senne),
352 625 454 692 neque
477 603 616 666 animum
634 598 826 679 advertebat,
845 620 912 680 eos,
935 599 988 688 qui
1011 621 1088 665 suae
1110 599 1273 687 potestatis
1295 599 1358 665 sint

206 717 271 803 (qui
294 736 333 779 ne
357 711 533 802 dependent
553 711 587 774 ni
611 705 785 774 relevent
807 709 846 773 de
867 716 1045 798 personne),
1066 731 1106 775 ne
1128 706 1206 774 tradi
1228 707 1355 797 quidem

203 824 350 911 cuiquam
373 822 420 888 ab.
436 819 516 900 ullo,
544 820 661 885 nedum
688 819 727 884 ab
752 817 877 884 homine
898 818 1021 907 privato
1048 839 1153 906 posse.
1205 817 1300 902 Quod
1330 819 1355 883 si

206 933 346 998 animum
369 930 571 1008 advertisset,
592 925 799 998 intellexisset
821 951 838 992 a
860 927 974 1016 dialogi
996 929 1147 1019 scriptore
1169 926 1357 995 insolentem

204 1065 290 1122 eam,
324 1064 405 1129 quae
434 1036 574 1104 Gesnero
603 1038 671 1103 visa
701 1038 754 1117 sit,
786 1039 851 1103 vim
877 1039 949 1103 voci
981 1059 1063 1125 quae
1094 1046 1142 1103 est
1171 1032 1357 1126 αὐτοτελής

205 1149 378 1216 subiectam
403 1171 483 1216 esse.

138 1258 283 1351 Ἀφῆκεν
306 1256 407 1328 αὐτὸν
428 1253 449 1346 ἡ
472 1253 564 1350 ψυχή
590 1258 632 1320 60
649 1258 734 1337 (246,
751 1259 800 1342 6),
830 1279 886 1347 pro
909 1253 1037 1348 ἀφῆκεν
1066 1258 1126 1348 νῆν
1147 1256 1271 1354 ψυχήν,
1303 1255 1357 1325 vel

207 1369 323 1440 ἔλιπεν
346 1365 448 1437 αὐτὸν
470 1363 490 1455 ἡ
514 1363 605 1458 ψυχή
629 1367 835 1447 dictumest3
863 1369 965 1435 anima
995 1371 1077 1435 enim
1106 1368 1235 1436 avolare
1256 1367 1358 1440 credi·

208 1491 257 1547 tur
289 1491 383 1570 atque
412 1478 474 1557 edi,
508 1476 605 1542 eltlari
633 1476 758 1557 dicitur,
790 1498 905 1567 corpus
932 1476 1128 1566 relinquitur3
1164 1480 1215 1564 cl',
1237 1477 1364 1546 Herod..

209 1589 352 1671 1V‚190‚
375 1588 461 1657 ἒπάν
484 1583 570 1676 ἀπίῃ
592 1585 652 1676 τήν
675 1583 793 1679 ψυχήν.

110 1730 114 1742 .
213 1699 314 1767 Dure
336 1698 462 1780 deinde,
486 1701 560 1786 quin
584 1699 692 1775 etiam,
715 1707 750 1762 ut
771 1696 844 1763 mihi
867 1698 1002 1780 videtur,
1026 1722 1190 1790 perperam
1212 1698 1255 1764 34
1270 1698 1358 1781 (235,

141 1811 285 1891 33-34)
310 1812 544 1899 scriptumest:
579 1801 654 1895 ύχρι
682 1804 947 1892 μαστιγούμενος
975 1804 993 1877 ὁ
1016 1805 1123 1898 Σύρος
1144 1804 1368 1900 ἀμφοτέρους.

144 1916 317 2011 ἀφίησιν
340 1915 472 1998 αύτούς.
1359 1980 1362 1984 ,

146 2082 149 2086 .
227 2032 310 2096 Cuur
334 2028 456 2119 legatur
483 2029 633 2110 62(243,
654 2029 766 2110 6-6)
798 2026 1122 2119 ἐτεθεραπεύκει
1153 2029 1211 2098 ἕνα
1238 2029 1358 2120 opacis

143 2137 246 2210 ἄλλον
269 2138 378 2229 ἱππέα
401 2137 565 2217 ἕπεσθαι,
596 2137 701 2204 dubito
730 2161 768 2204 an
797 2162 858 2205 non
881 2149 965 2206 recle
988 2143 1189 2208 accusativus
1211 2161 1288 2209 cum
1310 2141 1358 2208 in·

143 2252 258 2319 linitivo
287 2273 361 2317 cum
383 2245 590 2336 θεραπεύειν
619 2248 715 2313 verbo
740 2252 982 2338 coniungantur3
1018 2249 1098 2317 nlius
1122 2253 1205 2318 enim
1232 2251 1358 2342 generis

144 2370 193 2426 est
215 2359 396 2450 exemplum
423 2383 462 2424 ex
485 2357 648 2423 Plutarch.
663 2357 798 2446 Lycurg.
814 2361 856 2424 22
883 2361 912 2424 in
941 2359 1048 2426 lexicis
1072 2359 1216 2442 allatum:
1251 2369 1356 2452 θερα-

144 2466 289 2537 πεύουσι
315 2465 419 2556 κόμην
442 2466 632 2558 φαίνεσθαι
654 2464 816 2555 λιπαρόν,
851 2493 933 2558 quae
961 2470 1058 2536 verba
1087 2472 1128 2536 ita
1156 2481 1229 2538 sunt
1257 2471 1356 2565 expli·

145 2581 258 2646 canda:
282 2577 515 2667 θεραπεύουσι
537 2575 640 2667 κόμην
663 2576 748 2646 ὥστε
771 2575 959 2667 φαίνεσθαι
982 2575 1140 2668 λιπαρύν.
1246 2615 1248 2618 ·

144 2692 328 2779 Κλεῖσνρον
350 2691 391 2752 57
403 2691 488 2771 (245,
499 2691 532 2770 5)
557 2712 613 2779 pro
636 2692 837 2777 ,,κλεῖθρον“
861 2688 979 2755 dietum
1001 2700 1058 2756 cst.

144 2796 368 2886 Μασεροπός,
392 2801 483 2879 terro,
517 2800 649 2880 13(226,
661 2800 716 2883 25)
741 2804 869 2866 vertitur
892 2825 909 2866 a
935 2800 1113 2868 Wielandio
1140 2804 1358 2884 Bullsclrwe-

209 2920 289 2989 ster,
324 2931 427 2997 neque
454 2908 584 2975 dubitari
612 2919 730 2998 potest,
765 2912 837 2998 quin
861 2933 973 2977 vocem
1005 2910 1097 2977 lruius
1124 2912 1357 3002 significationis
1425 2912 1426 2916 ’

209 3020 360 3085 sententia
383 3017 529 3108 postulet.

143 3126 248 3206 Ξένος
271 3130 311 3192 57
332 3129 428 3210 (245,
447 3129 486 3210 8)
517 3151 572 3217 pro
601 3129 758 3195 vocabulo
796 3130 881 3218 quod
909 3139 956 3197 est
985 3074 1184 3215 πανδοκεύς,
1217 3141 1251 3198 ut
1278 3153 1357 3201 nus·

210 3260 306 3326 quam
328 3236 400 3302 alibi
423 3238 540 3303 dictum
563 3248 619 3304 est

135 3341 268 3434 Ὀνομα
289 3344 457 3418 τίθεσθαί
477 3373 568 3430 τινος
591 3351 707 3432 tram,
719 3351 775 3440 38)
800 3351 853 3417 vix
876 3349 946 3417 alibi
970 3353 1154 3420 inveniatur.

143 3456 340 3550 Παραβύειν
362 3458 515 3548 significat
538 3462 718 3541 inculcare,
741 3460 909 3548 infarcire
932 3466 1034 3531 iuria
1056 3463 1107 3530 vel
1124 3475 1264 3551 practer
1279 3467 1358 3549 olio,

209 3574 399 3651 intruderc3
415 3568 550 3637 absurde
566 3571 658 3660 igitur
674 3570 792 3638 dictum
806 3582 855 3639 est
868 3573 912 3638 58
926 3575 1011 3655 (245,
1026 3575 1078 3660 13)
1093 3572 1284 3666 παραβύειν
1296 3576 1359 3647 τὸν

210 3677 367 3769 ἀκινάκην
400 3681 435 3760 ἐς
466 3679 526 3769 τὴν
558 3676 706 3768 πλευράν
739 3683 819 3766 (den
846 3682 959 3774 Degen
986 3685 1094 3777 indie
1120 3687 1206 3752 Seite
1238 3687 1359 3756 lrinein·

209 3791 374 3882 stoplenlt.

294 3903 448 3996 Exempla
470 3899 659 3994 παραβύειν
681 3899 767 3967 verbi
790 3906 835 3985 (et
850 3910 1056 3993 σομπαραβ.)
1080 3906 1255 3976 aLueiano
1270 3920 1359 3978 recte

209 4017 349 4106 usurpati
372 4025 457 4082 sunt:
904 4085 908 4091 ,

213 4132 282 4184 deor.
301 4146 375 4182 conc.
395 4128 428 4182 10
440 4131 470 4194 (1,
485 4129 546 4196 127,
556 4130 592 4194 8),
612 4147 727 4197 sympos.
748 4131 783 4184 20
796 4129 868 4194 (235,
879 4128 933 4195 19),
952 4133 1019 4198 pise.
1039 4133 1073 4186 12
1082 4133 1154 4198 (269,
1164 4134 1218 4200 21),
1238 4132 1273 4188 22
1285 4132 1377 4201 (273,

214 4227 269 4291 18),
288 4226 351 4278 arai.
369 4231 471 4278 meree.
490 4227 535 4287 vr,
554 4223 661 4287 erne,
681 4225 736 4290 νε),
756 4229 815 4289 nu,
837 4225 936 4292 ruse,
949 4227 1003 4292 νο),
1024 4207 1103 4280 sonu
1124 4230 1186 4280 use
1205 4228 1240 4283 ον
1256 4230 1300 4294 (ιν,
1313 4229 1359 4297 se,

211 4321 264 4386 rar,
284 4321 361 4372 Alex
381 4319 415 4372 35
434 4319 504 4384 (too,
523 4317 578 4382 ον)
598 4319 630 4368 ue
647 4336 726 4372 mers
747 4321 1333 4391 oona.14(130,21),32(138,1‘t-.18)

277 4413 370 4469 01.νά
389 4407 444 4468 ιύνα
462 4409 596 4482 βεβύσθαι
588 4415 715 4480 ι.εα(ερ]
734 4414 806 4479 5(Ι,
824 4415 891 4480 328,
911 4416 967 4471 5-
935 4418 1017 4483 -,6)
1046 4419 1150 4470 satum
1170 4416 1205 4471 32
1224 4417 1297 4484 (436,
1316 4417 1381 4486 9)·.

212 4524 275 4578 περ
273 4506 351 4576 βεεν
370 4505 524 4578 ὑπαυχένια
542 4509 605 4580 gall.
625 4508 657 4562 11
678 4507 749 4577 (412,
769 4508 823 4578 32).
1201 4536 1204 4542 ’
1259 4542 1263 4546 ·

209 4610 224 4643 s
