2856 4906
683 214 727 280 48

103 386 242 473 itemque
263 390 352 456 παῦα
374 407 430 475 pro
453 380 567 453 παόον
587 385 788 451 coniunctum
812 404 885 450 cum
906 381 1067 472 participio
1089 378 1204 470 legitur
1225 380 1308 470 apud

104 492 295 564 Lucianum:

140 610 219 676 Iupit.
243 618 309 678 trag.
331 611 366 665 33
383 613 415 675 (1,
435 610 494 675 148,
513 608 572 674 24),
600 608 665 675 gall.
683 604 699 659 4
719 605 791 671 (409,
808 604 868 670 22),
897 604 1003 670 6(410,
1021 602 1081 668 40),
1108 604 1170 656 aliis
1187 606 1216 654 in
1234 604 1310 655 louis.

176 707 242 761 Tox.
261 705 296 759 53
314 704 385 771 (243,
403 705 456 772 13).

499 843 644 908 Pnrtiuipin
661 841 757 892 diserte
775 840 914 892 adduntur.

169 959 276 1026 vTum
298 959 409 1026 diserte
432 960 471 1027 ab
493 969 626 1051 unoque
644 957 807 1051 participia
829 955 932 1022 verbis
954 957 1044 1023 finitis
1065 955 1228 1035 adduntur,
1250 956 1312 1046 pri-

105 1090 194 1136 mum
215 1078 292 1160 part.
314 1090 378 1136 nor.
399 1071 481 1136 med.
505 1070 600 1152 verbi,
624 1067 708 1158 quod
730 1076 778 1134 est
801 1063 901 1158 αἶ’ρωε

142 1184 203 1235 nu.
216 1172 290 1236 deor.
304 1183 580 1249 x111‚2(1,107‚31),
600 1180 849 1247 (nummum),
867 1176 1031 1247 851119),
1051 1182 1121 1234 uim.
1131 1179 1165 1234 21
1176 1179 1247 1246 (396,
1258 1179 1312 1244 11),

174 1277 210 1332 55
228 1277 301 1344 (406,
320 1278 358 1343 8),
376 1279 408 1331 de
426 1280 506 1332 scrib.
524 1279 587 1332 hin.
606 1276 640 1332 24
659 1280 703 1342 (11,
722 1276 765 1342 30,
785 1277 821 1343 7),
839 1277 914 1328 Alex.
934 1274 968 1329 56
987 1275 1041 1341 (30,
1061 1273 1098 1341 1).

142 1374 210 1424 Tox.
229 1371 264 1426 25
283 1372 353 1438 (232,
374 1373 428 1439 17),
446 1374 480 1428 26
498 1373 570 1438 (232,
588 1372 643 1438 26),
662 1371 697 1425 60
714 1371 786 1438 (240,
805 1371 830 1436 7,
849 1369 908 1436 26);

75 1539 79 1545 ,
107 1459 218 1529 deinde
239 1473 317 1554 part.
340 1465 444 1531 amisi.
468 1474 529 1532 act.
551 1457 829 1552 παραλαμβάνειν
851 1460 950 1529 verbi:

142 1577 233 1644 Scyth.
252 1577 270 1630 4
288 1579 318 1643 (Ι,
339 1576 382 1641 17,
401 1577 445 1643 34)
465 1573 499 1630 σύ
517 1595 553 1649 με
572 1574 742 1648 παραλαβών
759 1572 926 1645 ξενάγησον,
953 1577 1019 1628 rhet.
1039 1593 1122 1644 ρταασ.
1143 1576 1177 1631 10
1196 1576 1249 1641 (98,
1268 1575 1313 1641 28)

177 1667 215 1742 μή
235 1686 265 1724 σε
284 1670 464 1743 ἐκτραχηλίσῃ
484 1691 539 1725 που
564 1667 747 1743 παραλαβών,
767 1671 799 1724 11
819 1671 873 1737 (70,
893 1672 946 1738 11),
971 1675 1115 1750 1np.trug.
1136 1669 1150 1721 7
1170 1668 1241 1734 (138,
1259 1670 1313 1736 22),

179 1766 286 1820 Ιαατοαι.
305 1765 339 1821 27
358 1759 430 1833 (167,
444 1766 499 1834 21),
524 1768 637 1836 philopfl.
658 1767 691 1823 16
710 1766 781 1833 (215,
801 1765 855 1832 34),
874 1771 923 1820 vit.
942 1774 1012 1821 auct.
1032 1767 1049 1820 9
1068 1765 1138 1831 (256,
1157 1765 1194 1830 3),
1212 1766 1315 1818 Annuh.

177 1861 283 1927 σανα,
303 1860 339 1926 τ).
1270 1849 1274 1856 ’

144 1959 191 2008 Βία
209 1970 264 2008 neu.
282 1955 301 2009 4
320 1962 362 2024 (11,
381 1959 408 2024 4,
427 1959 473 2026 31)
491 1961 525 2012 of.
544 1957 570 2009 d.
588 1963 664 2010 mom.
682 1958 787 2025 Peregr.
807 1953 841 2009 14
859 1955 912 2022 (05,
932 1958 969 2023 3).

145 2054 213 2103 Tox.
232 2051 267 2106 53
287 2051 358 2117 (245,
377 2052 422 2118 25)
442 2048 613 2122 παραλαβὼν
630 2048 685 2120 γάρ
703 2070 777 2121 με..
791 2093 815 2109 ..
829 2045 898 2121 byn.

455 2222 548 2292 Τηρέα
567 2237 626 2274 cum
644 2223 783 2290 participio
801 2224 978 2277 coniunctum.

194 2337 282 2405 Alius
306 2339 428 2427 ubique
449 2337 598 2429 participii
620 2359 698 2403 usus
721 2339 897 2404 communis
921 2335 971 2404 hic
993 2347 1054 2405 est:

145 2453 230 2520 τηρέω
247 2468 307 2503 eum
325 2458 391 2519 part.
411 2453 581 2503 coniunctum
604 2453 732 2518 reperitur
750 2452 819 2519 apud
838 2453 985 2504 Lucinnum
1005 2452 1036 2503 de
1055 2454 1122 2520 dips.
1142 2453 1159 2507 2
1177 2455 1208 2518 (1,
1227 2454 1253 2518 8,
1274 2455 1317 2520 16)

180 2543 264 2600 ὕοντα
288 2543 337 2600 τόν
360 2543 428 2598 θεόν
452 2540 627 2615 τηρήσαντες,
651 2547 764 2614 pbilops.
785 2546 819 2599 14
838 2544 913 2610 (214,
932 2546 991 2611 37),
1019 2546 1055 2600 20
1074 2545 1150 2612 (217,
1170 2546 1228 2612 28),
1257 2548 1319 2600 diui.

181 2647 283 2693 morou.
301 2642 372 2705 7111,
390 2639 407 2690 3
426 2638 498 2703 (450,
518 2637 640 2704 12-13).

249 2737 296 2788 Bis
314 2750 369 2788 ααα.
387 2734 422 2788 20
441 2735 484 2799 (11,
506 2732 548 2798 10,
566 2732 620 2798 32).

147 2832 215 2884 Tox.
235 2830 269 2885 60
287 2829 359 2895 (246,
378 2830 421 2893 3))
506 2877 507 2880 ,

254 2999 391 3068 Παρέχετν
409 2992 511 3050 ἑαυτὸν
528 3013 588 3052 uum
606 3003 746 3069 participio
764 3003 846 3054 futuri
866 3005 990 3070 temporis
1008 3004 1185 3055 coniunctum.

113 3116 251 3186 similiter
272 3116 430 3209 παρέχεον
445 3113 564 3187 ἔαυτόν
580 3142 652 3186 cum
666 3119 828 3209 participio
843 3118 937 3185 futuri
954 3120 1102 3211 temporis
1121 3122 1321 3187 coniunctum

113 3227 227 3316 legitur
249 3231 333 3318 apud
355 3228 545 3298 Lucianum:

147 3340 233 3393 Prom.
252 3343 302 3394 siv.
322 3344 401 3397 Canu.
422 3343 437 3396 1
456 3345 493 3410 (1,
512 3342 555 3408 76,
574 3343 605 3408 5)
631 3340 733 3413 πάρεχε
764 3341 881 3398 σεαυτὸν
906 3344 1177 3415 καταπαγησόμενον
1199 3343 1270 3417 πρός
1292 3343 1320 3397 τό

184 3426 257 3506 όρος,
277 3439 339 3490 diui.
358 3446 434 3493 mort.
453 3440 525 3504 xlv,
545 3438 561 3491 1
581 3436 651 3503 (371,
671 3436 799 3504 21-22);

254 3534 383 3587 demere.
402 3534 479 3587 nond.
497 3532 532 3587 25
551 3534 595 3597 (11,
615 3531 675 3596 135,
693 3531 752 3596 27);

148 3631 216 3681 Tox.
235 3626 270 3683 35
288 3627 360 3695 (236,
380 3627 425 3694 12)
445 3628 584 3699 παρέσχεν
604 3622 704 3681 ἑαυτὸν
722 3622 921 3697 δεδησόμενον.

353 3790 452 3856 Μόνος
470 3797 630 3850 αᾶὶαα1ἰνατα
648 3812 695 3863 pro
712 3791 804 3866 μόνον
822 3796 947 3852 adverbio
966 3800 1081 3867 ponitur.

199 3888 346 4001 Cumque
367 3910 471 3999 μόνον
494 3912 678 3981 adverbium
700 3935 936 4002 nonnumquam
958 3913 1071 3981 Graeci
1093 3916 1245 4000 scribant,
1272 3918 1324 3985 ubi

112 4023 230 4090 reclius
252 4018 356 4106 μόνος
378 4023 565 4091 αόίααῑίνιαα
586 4025 660 4115 poni
681 4023 817 4104 videtur,
840 4032 947 4089 contra
968 4022 1128 4093 Lucianus
1151 4051 1246 4117 saepe
1269 4027 1324 4095 nd·

112 4134 228 4201 ieubvo
251 4133 361 4214 utitur,
390 4131 443 4199 ubi
467 4154 530 4200 non
560 4136 662 4203 minus
692 4143 776 4203 recte
804 4129 856 4199 vel
882 4133 974 4199 etiam
1003 4138 1118 4204 rectius
1141 4136 1325 4204 adverbium

112 4253 258 4336 ponatur,
279 4244 319 4311 cf.
340 4240 494 4332 Kruegeri
516 4241 627 4312 Graen
651 4244 777 4334 linguae
800 4241 973 4309 Grammat.
984 4246 1037 4328 57,
1048 4247 1080 4327 5,
1090 4247 1121 4327 3,
1144 4247 1196 4334 qui
1219 4255 1324 4313 tamen

112 4374 178 4421 non
200 4361 346 4421 accurate
368 4351 408 4423 de
430 4352 491 4420 buc
518 4374 552 4419 re
574 4353 726 4444 disputat,
755 4361 830 4421 cum
860 4352 992 4420 eandem
1020 4375 1092 4420 esse
1120 4352 1323 4421 differentiam

114 4461 302 4533 dicatum
328 4486 421 4533 unum
446 4455 551 4551 μόνον
583 4459 720 4531 adverbii
747 4473 778 4532 et
798 4459 908 4550 μόνος
933 4463 1089 4547 αᾱίαοιῐνὶ,
1123 4472 1216 4552 atque
1244 4463 1325 4533 inter
