2856 4906
685 226 731 296 aa

104 397 232 468 multa?
254 400 280 466 si
302 396 445 465 lromines
467 397 560 479 docti,
582 398 635 487 qui
651 395 801 464 'l'oxarim
824 394 985 487 eleganter
1005 396 1156 490 scriptum
1176 416 1251 464 ease
1271 395 1329 463 iu·

105 509 301 590 dicaverunt,
328 508 484 598 legerent,
511 508 625 574 nostris
652 505 846 596 temporibus
873 507 992 574 iactum
1022 529 1108 590 esse,
1136 516 1172 575 ut
1192 515 1329 580 nautae,

104 640 178 686 eum
200 626 329 709 propter
348 615 519 684 violentam
542 614 713 708 procellam
735 615 924 698 vectoribus,
950 618 1056 708 quiin
1079 640 1166 685 mare
1188 616 1329 684 cecidis-

105 736 176 795 sent
197 737 293 819 atque
314 729 346 794 vi
368 750 522 816 aquarum
545 726 640 794 ablati
658 737 777 809 essent,
804 728 862 817 ipsi
884 726 1035 794 auxilium
1058 729 1138 794 ferre
1159 750 1221 795 nou
1245 748 1330 818 poa-

97 848 186 941 ·laent,
207 837 360 929 scapham
381 838 412 903 in
435 860 522 905 mare
545 837 750 920 demitterent,
772 848 807 902 ut
829 838 855 903 si
877 838 956 903 forte
978 837 1100 904 fortuna
1124 836 1165 903 ad
1186 838 1331 909 cocler-

104 956 205 1029 retur,
232 947 383 1015 haberent
404 970 467 1037 quo
490 956 724 1029 reservarent,
751 969 853 1038 nugas
876 946 936 1013 diei
958 946 1133 1029 crederent,
1159 956 1214 1014 aut
1235 947 1332 1015 iasa·

104 1078 218 1125 norum
246 1058 277 1125 id
304 1080 376 1125 esse
397 1059 550 1140 dicerent,
578 1059 680 1126 eidem
708 1080 780 1126 cam
809 1059 840 1123 in
866 1055 987 1138 libello,
1014 1059 1066 1148 qui
1094 1057 1223 1125 Luciaui
1252 1080 1332 1125 esse

105 1168 211 1248 lectur,
233 1165 296 1235 iroc
317 1165 437 1259 legunt,
459 1170 642 1235 narrationis
664 1167 852 1258 elegantiam
867 1166 1057 1257 praedicant,
1080 1177 1175 1259 atque
1195 1169 1331 1259 ingenio

105 1287 200 1346 acuto
223 1280 350 1370 dignam
373 1301 444 1345 eam
467 1301 539 1346 esse
560 1288 679 1370 putant.

193 1388 243 1455 Ex
264 1389 394 1480 singulis
417 1399 532 1471 autem,
555 1391 688 1479 quaein
710 1389 772 1455 hac
794 1389 969 1456 narratione
982 1388 1187 1481 vituperanda
1210 1387 1331 1456 viden-

106 1510 174 1580 tur,
201 1495 264 1565 iroc
286 1502 456 1567 maximam
479 1499 683 1566 offensionem
707 1497 815 1580 habet,
844 1498 927 1589 quod
956 1500 986 1566 in
1009 1499 1072 1581 iris,
1101 1521 1183 1587 quae
1205 1519 1232 1565 ο.
1251 1495 1327 1565 XX

106 1610 341 1700 (230,5seqq.)
364 1608 527 1700 leguntur:
554 1607 612 1679 καί
632 1636 694 1694 μοι
715 1605 767 1679 ἐπ’
792 1606 986 1700 ὀφθαλμῶν
1008 1605 1092 1694 λάβε
1112 1609 1173 1698 τὴν
1195 1604 1328 1677 ἀπανά-

108 1742 228 1788 σταοιν
248 1723 315 1786 τῶν
342 1717 497 1806 κυμάτων
624 1721 684 1810 την
711 1716 920 1811 ἀπόγνωσιν,
952 1713 1024 1788 εἶτα
1046 1714 1332 1808 ἀποπνιγόμενον

61 1854 64 1861 ·
109 1829 234 1899 lanima
247 1826 415 1920 xoludyrc
429 1827 664 1902 ἀνακύπτοντα
679 1833 736 1900 καὶ
756 1832 818 1912 τάς
830 1838 944 1923 χεῖρας
959 1827 1118 1921 ὀρέγοντα
1131 1834 1177 1921 τῷ
1189 1826 1332 1921 ἑταίρη),

108 1942 169 2012 τόν
184 1944 223 2012 dai
247 1991 339 2025 ....,
362 1940 450 2011 allato
466 1944 527 2033 γάρ
546 1939 588 2011 ἀν
604 1938 746 2028 μάθοις,
771 1938 817 2024 ὦς
833 1939 892 2013 oriar
915 1940 1035 2032 ἀγεννῆ
1050 1968 1106 2012 σοι
1126 1943 1183 2010 καὶ
1203 1947 1333 2015 τοῦτον

110 2052 211 2145 φίλον
334 2053 556 2143 διηγησάμην,
586 2055 682 2120 verba
708 2053 768 2143 τὴν
791 2048 1000 2144 ἀπόγνωσιν,
1032 2047 1104 2123 εἶτα
1126 2048 1331 2145 ἀποπνιγό-

109 2190 209 2250 μενον
237 2164 362 2234 lustror
388 2167 445 2233 καὶ
470 2163 569 2254 μόγις
592 2161 825 2234 ἀνακύπτοντα
852 2166 909 2233 καὶ
936 2164 998 2245 τάς
1022 2170 1134 2255 χεῖρας
1164 2161 1332 2255 ὀρέγοντα

108 2281 158 2365 τῷ
179 2273 300 2365 ἑταίρῳ
321 2273 415 2368 plane
438 2298 674 2366 supervacanea
696 2286 770 2344 suut
789 2286 885 2365 atque
905 2276 1003 2342 inanis
1025 2296 1142 2341 vocum
1160 2278 1330 2367 strepitus;

110 2408 185 2452 uam
207 2408 256 2467 co,
279 2386 363 2476 quod
384 2385 489 2452 Domo
513 2385 707 2476 desperabat,
732 2388 762 2453 in
785 2387 923 2453 maximo
946 2385 1085 2476 periculo
1108 2396 1183 2467 erat,
1208 2408 1330 2454 manus

112 2494 273 2578 tendebat,
296 2517 497 2585 nequaquam
519 2494 595 2562 illud
618 2498 781 2587 probatur,
805 2497 889 2588 quod
912 2497 1043 2585 scriptor
1064 2492 1125 2561 hac
1148 2495 1207 2560 sub
1230 2518 1329 2587 aspe-

110 2616 199 2672 ctum
221 2607 413 2672 subiectione
428 2607 550 2696 probari
564 2606 634 2674 vult
653 2605 754 2693 (ollam
769 2608 831 2697 γὰρ
848 2602 889 2675 ἀν
902 2603 1043 2692 μάθοις,
1066 2600 1112 2686 ὥς
1128 2602 1188 2674 οὐκ
1204 2601 1329 2699 ἀγεννῆ

110 2738 169 2785 σοι
191 2743 221 2784 κ.
242 2741 272 2784 τ.
296 2717 356 2796 a),
383 2714 609 2805 Euthydicum,
637 2720 689 2807 qui
710 2718 848 2785 Damoni
871 2716 1021 2785 auxilium
1043 2717 1159 2799 tulerit,
1186 2718 1329 2786 amicum

111 2848 302 2917 generosum
325 2827 437 2908 luisse3
468 2827 627 2916 quomodo
655 2837 762 2894 autem
788 2830 829 2910 is,
863 2830 914 2918 qui
941 2828 995 2892 vix
1022 2852 1057 2895 se
1084 2848 1179 2918 super
1206 2848 1330 2916 aquam

111 2936 301 3016 sustinebat,
333 2945 439 3002 tamen
470 2960 581 3004 manus
610 2937 760 3005 adversus
790 2939 925 3005 amicum
955 2962 995 3006 ex
1021 2937 1168 3006 fluctibus
1195 2936 1329 3006 tendere

110 3047 261 3137 potuerit,
283 3044 427 3135 equidem
449 3070 512 3114 non
534 3048 634 3116 video.
746 3056 749 3061 ’

201 3155 246 3222 Ea
274 3164 394 3236 autem,
418 3180 499 3246 quae
527 3157 565 3225 de
590 3160 681 3224 tertio
709 3162 880 3228 amicorum
913 3160 994 3251 pari,
1023 3158 1062 3226 de
1089 3158 1263 3226 Eudamida
1292 3167 1327 3224 et

114 3266 250 3332 Aretaeo
265 3274 296 3332 et
310 3264 488 3334 Charixeno
511 3292 557 3336 cc.
570 3266 664 3335 XXII
680 3279 711 3335 et
725 3269 831 3337 XXlll
846 3271 1043 3354 <aaa-231)
1066 3279 1240 3351 narrantur,
1262 3269 1329 3336 sin-

112 3375 234 3468 gularia
256 3375 382 3466 quidem
397 3388 478 3461 sunt,
502 3379 558 3446 sed
580 3403 695 3470 magna
712 3404 753 3447 ex
773 3389 862 3470 parte
884 3401 946 3445 non
963 3378 1086 3468 illepida
1111 3388 1141 3444 et
1164 3402 1246 3467 quae
1261 3377 1330 3447 lieri

112 3489 298 3575 potuerint.
333 3486 430 3554 Facta
450 3513 527 3557 vero
549 3512 671 3556 canon
693 3514 764 3556 esse
786 3490 841 3557 sed
863 3488 935 3556 ficia
956 3496 1084 3578 apparet
1106 3479 1147 3552 ex
1169 3509 1217 3567 eo,
1241 3489 1330 3576 quod

114 3595 193 3664 aiter
214 3599 395 3682 amicorum,
418 3603 472 3690 qui
494 3600 625 3668 heredes
648 3601 776 3666 instituti
797 3608 894 3679 erant,
920 3600 983 3664 iarn
1004 3607 1077 3687 poat
1099 3597 1236 3685 quinque
1259 3597 1330 3664 dies

31 3696 35 3711 ’
112 3708 253 3791 moritur,
275 3709 393 3777 scilicet
414 3721 449 3777 ut
472 3709 597 3778 alterius
613 3710 787 3797 superstitis
804 3709 1043 3798 magnanimitas
1059 3728 1096 3772 eo
1119 3703 1234 3770 clarius
1257 3703 1330 3775 elu-

114 3828 231 3885 cescat.
276 3820 340 3887 Sed
362 3821 494 3912 scriptor
515 3818 702 3883 suavitatem
722 3817 972 3885 narratiunculae
998 3837 1072 3882 cum
1093 3816 1184 3881 nimis
1207 3839 1330 3908 augere

113 3925 199 4008 velit,
220 3931 346 4014 minuit3
372 3931 476 3997 miuus
498 3929 581 3995 enim
606 3925 781 3992 verisimilis
804 3949 840 3992 ea
862 3925 896 3991 fit
926 3936 958 3994 et
979 3925 1143 3994 consilium
1166 3928 1328 4019 scriptoris

113 4040 307 4129 perspicitur.
349 4036 463 4128 Neque
489 4034 566 4104 illud
596 4033 675 4101 bene
701 4036 906 4101 constitutum
934 4044 996 4117 est,
1023 4038 1107 4127 quod
1136 4045 1328 4107 testamento

114 4148 303 4238 resignando
315 4147 365 4216 alii
378 4148 501 4228 adsunt,
512 4145 684 4211 amicorum
694 4151 805 4209 neuter
820 4144 918 4212 adest.
930 4143 1062 4213 Videtur
1076 4157 1183 4215 autem
1194 4149 1330 4240 scriptor

115 4255 232 4348 dialogi
254 4282 292 4325 eo
315 4257 444 4325 consilio
465 4259 508 4322 iia
529 4276 597 4319 rem
611 4251 746 4335 linxisse,
767 4263 803 4320 ut
824 4253 884 4320 hac
906 4280 949 4337 re,
972 4257 1056 4345 quod
1072 4266 1164 4323 antea
1183 4257 1331 4329 admirati

113 4377 221 4431 essent
243 4370 337 4435 ceteri
360 4375 391 4434 et
412 4372 634 4433 testamentum
657 4365 803 4448 risissent,
825 4367 925 4433 maior
940 4368 1073 4434 amicitia
1096 4391 1205 4435 eorum
1228 4393 1332 4462 appa·

101 4482 204 4558 teret,
228 4481 280 4570 qui
303 4501 385 4573 quae
401 4479 446 4546 eie
468 4473 628 4544 luculenta
649 4474 804 4543 hereditas
820 4475 1014 4544 Eudamidae
1037 4485 1225 4546 testamento
1249 4501 1332 4555 con-
